4554 5612
1052 319 1495 378 *χρ-,-

465 543 590 610 Helena
611 541 787 618 desiderio,
809 563 873 626 quo
893 563 964 608 eam
978 540 1185 628 prosequitur
1205 539 1389 617 Menelaus,
1411 539 1445 604 in
1465 539 1533 605 eius
1549 539 1655 604 animo
1677 541 1806 626 regnet,
1827 539 1896 625 ipse
1917 537 2124 604 Menelaus

465 647 527 714 boc
548 647 706 714 desiderio
729 646 894 713 tabescens
915 646 1048 712 umbrae
1070 645 1180 712 similis
1209 647 1243 712 in
1270 646 1366 712 domo
1394 667 1526 732 regnare
1555 644 1691 712 videtur.
1735 644 1845 711 Etiam
1872 623 2003 730 llagitat'
2021 665 2125 708 aen·

466 754 640 819 tentiarum
661 755 845 829 contextus,
868 755 906 818 ut
928 754 1110 838 exponatur
1132 773 1196 836 quo
1218 753 1250 816 in
1274 755 1364 818 statu
1381 749 1549 817 Menelaus
1570 751 1626 826 sit,
1649 771 1713 816 non
1735 750 1812 835 quid
1834 750 1898 814 iam
1920 748 2008 814 domi
2037 749 2126 814 fiat

464 858 519 942 (of.
556 855 747 945 Naegelsbl
798 857 934 924 Minime
973 857 1073 944 igitur
1109 855 1279 922 ridiculum
1313 860 1364 924 est
1401 857 1523 932 dicere,
1565 855 1748 921 Menelaum
1784 853 1917 922 umbrae
1951 853 2122 920 similem

467 964 555 1030 domi
577 985 719 1051 regnare.

547 1093 583 1136 a.
606 1076 680 1136 398.
722 1068 850 1134 Helena
880 1089 961 1152 quae
993 1066 1026 1132 in
1059 1067 1165 1133 animo
1187 1065 1326 1134 Menelai
1359 1067 1569 1134 desiderantis
1602 1087 1736 1154 regnum
1771 1068 1873 1140 tenet,
1908 1064 2025 1140 eflicit,
2067 1067 2122 1128 ut

467 1175 573 1240 omnia
594 1196 675 1259 quae
696 1174 724 1239 ei
747 1176 843 1239 antea
872 1172 1047 1259 placuerint
1076 1195 1160 1238 nunc
1183 1171 1387 1260 displiceant,
1420 1173 1520 1239 immo
1542 1171 1653 1238 odiosa
1675 1170 1749 1237 sint.
1805 1169 1876 1248 „Ne
1898 1170 1932 1235 id
1957 1169 2120 1256 quidem

466 1279 554 1366 quod
586 1279 844 1344 venustissimum
875 1281 925 1344 eet
952 1277 985 1342 in
1014 1278 1144 1344 aedibus
1164 1277 1355 1344 Atridarum
1382 1277 1519 1365 amplius
1551 1277 1656 1364 placet
1682 1275 1863 1344 Menelao“.
1895 1275 2116 1359 (Klausen.).

466 1384 696 1450 Formoaarum
722 1387 903 1449 statuarum
925 1385 1104 1464 (,,νολοσσοι’
1125 1387 1201 1448 sunt
1223 1383 1388 1450 columnae
1409 1384 1443 1450 in
1464 1383 1581 1459 domo,
1604 1385 1638 1447 et
1659 1381 1797 1446 fortasse
1817 1381 1915 1445 etiam
1948 1383 2114 1454 statuae,

466 1491 608 1555 sednon
630 1488 795 1555 Helenae“
821 1489 990 1573 Hermae.)
1018 1487 1131 1554 odiosa
1158 1493 1208 1554 est
1237 1491 1388 1556 venustae
1409 1489 1480 1556 viro
1501 1489 1522 1556 i.
1544 1509 1571 1555 e.
1590 1487 1750 1555 Menelao.
1795 1485 1899 1562 „Nam
1922 1483 2112 1550 deficiente

466 1594 609 1660 Helenae
632 1594 787 1681 adspectu
817 1595 920 1660 omnis
949 1593 1099 1680 voluptas
1128 1597 1254 1660 cessat“
1286 1594 1477 1678 (Hermam).
1521 1592 1715 1660 Klausenius
1744 1594 1857 1658 eontra
1883 1594 1917 1656 et
1937 1588 2109 1676 Naegels-

466 1697 598 1766 baohius
615 1696 765 1781 ὀμμάτων
780 1697 903 1782 ὀχηνλαι
919 1721 982 1765 non
999 1701 1085 1765 reete
1099 1699 1139 1764 de
1154 1699 1293 1764 Menelai
1308 1699 1418 1776 oculis,
1440 1700 1495 1784 qui
1507 1703 1635 1766 careant
1649 1697 1803 1784 adspectu
1818 1695 1970 1773 Helenae,
1992 1695 2107 1761 inter-

465 1807 643 1893 pretantur.
688 1802 771 1868 Nam
804 1803 954 1886 ὀμμάτων
981 1802 1119 1887 άχηνόατ,
1152 1803 1291 1890 inopie
1314 1805 1543 1882 oculorum,
1578 1804 1688 1869 mdem
1711 1803 1836 1868 ratione
1865 1801 2102 1889 explicandum

466 1913 528 1985 est,
551 1931 615 1995 qua
634 1908 803 1994 χρημάτων
825 1907 949 1992 ἀχηνία,
970 1909 1078 1995 inopia
1098 1909 1315 1996 pecuniarum,
1344 1907 1490 1998 Choepb.
1515 1915 1589 1976 298.
1634 1907 1806 1976 Genitivus
1828 1905 1990 1989 ὀμμάτων,
2009 1931 2104 1990 χρη-

465 2012 576 2095 μάτων
597 2037 660 2080 non
682 2017 732 2078 est
754 2013 913 2100 genitivus
935 2013 1129 2081 subiectivus
1152 2015 1209 2080 sed
1230 2014 1415 2083 obieelivus.
1458 2015 1625 2082 Menelaus
1653 2017 1741 2078 caret
1771 2011 1885 2088 ocubs,
1920 2011 1976 2096 qui
2005 2011 2099 2078 oculi

469 2140 533 2182 non
552 2119 605 2184 alii
627 2141 696 2184 ease
717 2124 852 2206 possunt
873 2121 934 2185 nisi
954 2119 1114 2198 Helenae,
1138 2120 1188 2187 vel
1211 2122 1320 2209 polius
1341 2120 1467 2186 Helena
1487 2120 1573 2208 ipsa,
1601 2119 1691 2186 cuius
1713 2121 1884 2206 adspectus
1905 2115 2097 2184 Menelaum

467 2222 575 2288 delicit
598 2222 795 2312 (ellingen.
818 2224 867 2290 ed.
892 2225 979 2313 ma).
1025 2225 1092 2306 Qui
1114 2248 1212 2312 quum
1235 2227 1437 2313 gratissimae
1465 2225 1771 2310 venustissimaeque
1797 2223 1908 2289 uxoris
1934 2222 2094 2310 adspectu

467 2331 584 2406 careat,
608 2329 711 2396 omnis
733 2331 840 2418 gratia
862 2335 958 2416 atque
981 2336 1130 2398 venustas
1152 2332 1283 2398 evanuit
1305 2331 1435 2416 eiusque
1457 2331 1563 2400 locum
1580 2353 1706 2398 moeror
1721 2334 1818 2415 atque
1832 2329 1938 2396 luctus
1954 2327 2092 2396 obtinet

1237 2505 1269 2595 §-
1293 2515 1323 2574 ι.

555 2628 608 2692 lta
637 2627 704 2694 dies
726 2628 894 2694 Menelaus
922 2630 1007 2714 agit;
1043 2651 1108 2714 quo
1135 2628 1232 2694 modo
1261 2633 1370 2696 autem
1402 2634 1511 2695 noctes
1543 2629 1687 2696 dolorem
1716 2630 1873 2716 augeant,
1906 2625 2025 2694 chorus
2057 2627 2086 2692 in

468 2731 670 2820 antistropha
692 2739 782 2799 vates
804 2735 1029 2801 annuntiantes
1050 2735 1136 2802 lacit.

556 2836 768 2923 ὀνειρόφαντοι
791 2839 824 2902 er·
846 2839 1038 2924 πενθήμονες
1115 2839 1183 2904 aiva.
1206 2837 1249 2920 β.
1388 2835 2083 2925 τύπάνὀ’άφ’“Ελλονοςαἶἀςσυνύρμενονλλθ

555 2940 676 3025 πάρεισι
693 2941 780 3019 ὀύξαν
796 2943 944 3029 alpanum
958 2943 1050 3029 χάριν
1063 2947 1211 3026 ματαίαν.
1391 2945 1520 3010 πάνθειοτ
1542 2941 1738 3027 τηξικάρόιος

553 3043 658 3128 μάταν
671 3045 741 3130 γάρ,
759 3041 818 3114 εἶτ’
837 3046 876 3112 iia
891 3047 990 3114 laesa
1007 3074 1052 3126 τις
1067 3053 1166 3114 ὀοκύν
1179 3045 1251 3138 ὁρᾷ,
1393 3047 1503 3130 ὀύμοτς
1524 3045 1655 3114 ἑκάστου
1677 3047 1794 3131 πράττει.
2188 3006 2190 3089 l

555 3148 777 3234 παραλλάξασα
800 3153 851 3218 διὰ
870 3161 972 3236 χερῶν
1187 3160 1251 3220 405
1392 3152 1488 3218 πολλὰ
1510 3159 1587 3236 γοῦν
1609 3152 1746 3236 θιγγάνει
1768 3150 1846 3238 πρὸς
1860 3143 1965 3238 ἧπαρ·

555 3256 686 3336 βέβακεν
708 3255 785 3338 ὄψις
805 3256 842 3321 ού
863 3259 1059 3344 μεθύστερον
1393 3256 1450 3332 οὓς
1470 3257 1526 3340 μὲν
1548 3256 1608 3341 γάρ
1631 3282 1676 3332 τις
1703 3257 1838 3340 ἴπνμψεν
2187 3188 2190 3321 l

557 3371 679 3446 πτεροῖς
701 3361 848 3428 ὀπαδούσ’
872 3361 971 3428 ύπνον
993 3363 1162 3438 κελεύθοις.
1393 3361 1485 3439 oller,
1507 3361 1574 3428 άντὶ
1598 3363 1631 3428 (ll
1653 3369 1766 3448 φωτῶν
2031 3370 2086 3431 415

557 3465 595 3531 τά
616 3467 674 3547 μόν
695 3466 759 3530 κατ’
785 3465 887 3543 οἴκους
908 3465 953 3552 ἐφ’
978 3465 1081 3544 ἓστιάς
1103 3468 1180 3552 elga·
1393 3467 1486 3551 τεύχη
1509 3469 1559 3532 καὶ
1582 3467 1764 3544 nuntiari<
1785 3465 1864 3532 iari-
1937 3549 1940 3556 1

554 3571 595 3634 τά
618 3571 712 3635 δ’ἐστὶ
735 3571 785 3635 acl
810 3571 899 3637 τῶνδ’
924 3568 1176 3656 ύπερβατιάτερα.
1394 3597 1470 3638 στου
1493 3571 1608 3654 ὀάμοος
1629 3570 1810 3658 ἀφικνεῖται.

555 3716 584 3760 r.
607 3700 681 3760 402.
703 3693 847 3760 Helenae
869 3695 1023 3782 adspectu
1045 3695 1210 3762 deficiente
1234 3699 1356 3784 species
1374 3697 1441 3761 eius
1457 3695 1489 3760 in
1505 3695 1635 3760 somniis
1651 3697 1822 3759 occurrunt
1838 3695 1986 3760 Menelao
2001 3694 2086 3758 lunti-

468 3797 558 3864 lioee.
581 3798 773 3882 πενθήμονες
785 3799 872 3876 δόξαν
887 3824 973 3878 „non
989 3801 1154 3868 tristificas
1169 3803 1345 3889 opiniones,
1362 3801 1418 3868 aed
1433 3821 1514 3885 quae
1529 3800 1705 3864 oriuntur
1719 3821 1737 3864 e
1753 3799 1930 3878 tristitia,
1946 3822 1962 3864 e
1977 3797 2083 3861 dolore

470 3903 640 3968 desiderii“
670 3903 887 3970 aKlausenio
917 3905 1103 3992 explicatur.
1153 3911 1200 3971 At
1222 3907 1391 3990 πενθήμων
1419 3928 1483 3972 non
1505 3904 1663 3992 significat
1684 3905 1825 3970 oriens
1853 3899 2079 3972 atristitis,

469 4008 527 4073 sed
549 4029 647 4093 quum
669 4010 841 4086 adieetiva,
876 4033 958 4095 quae
986 4011 1199 4098 praesyllaba
1231 4013 1460 4088 terminantur,
1494 4011 1618 4097 copiam
1652 4010 1812 4095 quandam
1842 4013 1874 4076 et
1901 4004 2083 4072 facultatem

469 4111 610 4178 indicent
641 4111 694 4197 (ef.
717 4114 878 4202 Kruegeri
902 4113 960 4182 Gr.
985 4114 1043 4184 Gr.
1070 4119 1097 4200 ὀ.
1125 4124 1177 4184 41.
1203 4126 1252 4182 11.
1275 4141 1346 4184 ann.
1370 4122 1445 4201 31.),
1468 4117 1578 4203 potius
1611 4119 1661 4181 est
1694 4115 1841 4202 plenus
1874 4109 2087 4178 tristitiae

469 4217 520 4284 vel
548 4218 799 4284 tristificus.
860 4217 1021 4286 Oriuntur
1059 4221 1187 4306 quidem
1226 4223 1346 4309 species
1380 4222 1452 4287 illae
1485 4243 1525 4288 ex
1556 4221 1647 4288 luctu
1676 4219 1830 4298 Menelai,
1872 4218 1930 4284 aad
1962 4217 2089 4282 maioris

472 4324 628 4388 momenti
650 4327 715 4400 est,
739 4324 825 4409 quod
849 4325 972 4390 luctum
987 4325 1128 4392 Menelai
1143 4331 1278 4414 augent,
1302 4327 1447 4412 quamvis
1470 4328 1595 4392 inanem
1610 4325 1769 4412 quandam
1791 4331 1824 4392 et
1839 4325 1969 4391 brevem
1983 4323 2092 4410 volup-

470 4431 572 4496 tatem
594 4427 738 4497 afferant.
782 4428 943 4506 Maneat,
967 4453 1024 4496 cur
1047 4429 1132 4508 ὀάξαι
1155 4433 1188 4496 in
1211 4430 1318 4514 ὀάκαι,
1342 4433 1429 4518 quod
1450 4432 1638 4498 Hermanno
1660 4432 1781 4518 placet,
1805 4435 1962 4496 mutetur.

556 4557 585 4604 v.
609 4541 684 4602 404.
726 4535 846 4615 μάταν,
876 4536 963 4620 quod
990 4536 1076 4602 baud
1106 4536 1203 4601 dubie
1231 4558 1305 4602 cum
1333 4539 1464 4619 βεβακεν
1486 4537 1742 4622 coniungentium
1764 4543 1813 4603 est
1834 4537 1887 4624 (ol.
1910 4536 2091 4619 Hermen),
2189 4598 2190 4607 ,

469 4638 574 4706 verbis
607 4661 689 4725 quae
721 4644 900 4725 sequuntur
922 4641 1146 4726 παραλλάξασα
1176 4639 1227 4704 lat
1252 4647 1353 4722 χερῶν
1374 4641 1553 4728 explicatur
1586 4640 1808 4728 (ellingen),
1842 4644 1971 4709 minime
2005 4663 2091 4716 vcro,

469 4747 508 4808 ut
522 4744 720 4812 Fritzschius
743 4745 822 4822 sealt,
846 4745 938 4830 quasi
960 4768 1000 4810 ex
1017 4748 1155 4828 ματαίαν
1176 4750 1286 4812 ortum
1299 4745 1333 4810 in
1354 4756 1475 4827 κρατεῖν
1497 4751 1546 4812 est
1569 4747 1825 4815 convertendum.
1861 4748 1986 4834 Magna
2007 4745 2091 4811 enim

469 4871 542 4914 cum
565 4851 597 4916 vi
618 4854 694 4938 post
706 4851 854 4934 ματαίαν,
879 4871 944 4937 quo
958 4851 1150 4940 praecedens
1166 4851 1323 4918 sententia
1344 4849 1472 4929 linitur,
1494 4851 1727 4933 pararnonem
1743 4853 1872 4920 inchoat
1887 4853 2090 4926 sententiam,
