4554 5612
373 787 442 853 Suo
471 789 550 853 voto
580 785 697 852 chorus
727 807 855 852 causam
885 782 992 860 addit,
1016 805 1073 848 cur
1101 806 1205 868 neque
1234 784 1295 849 sibi
1323 785 1391 872 ipse
1421 786 1557 851 maiores
1587 807 1664 873 opes
1687 789 1903 873 optataeque

283 893 413 959 omnino
436 893 501 959 sint
524 893 694 980 optandae.
739 889 850 977 Neque
873 891 966 966 enim,
990 890 1102 974 inquit,
1127 893 1403 978 propugnaculum
1420 895 1469 956 est
1484 891 1666 956 divitiarum
1683 896 1795 958 contra
1810 892 1902 958 inter-

281 1000 364 1064 itum
387 998 519 1074 bomini,
543 998 598 1082 qui
620 997 697 1082 πρὸς
719 994 822 1078 κόρον,
846 996 865 1062 i.
889 1017 916 1060 e.
940 995 1089 1060 satietate
1111 1017 1149 1060 ac
1171 997 1278 1060 taedio
1308 1001 1341 1061 et
1364 996 1512 1084 superbia
1536 995 1609 1061 inde
1631 1001 1745 1062 exorta
1764 996 1902 1074 inflatus,

283 1127 435 1192 magnam
459 1104 608 1170 Iustitiae
630 1126 716 1168 aram
740 1102 833 1168 laesit
854 1099 909 1188 (cl.
931 1099 1098 1168 Eumenid.
1124 1107 1187 1167 530
1210 1100 1302 1189 sqq).
1347 1102 1459 1167 Talem
1483 1100 1641 1165 hominem
1664 1123 1783 1188 poena,
1807 1124 1901 1187 qnam

282 1209 425 1296 effugere
440 1233 504 1275 non
525 1213 643 1298 potest,
666 1209 768 1274 scrius
790 1207 877 1271 ocius
899 1205 1104 1290 consequitur
1125 1204 1229 1293 (ποινὰ
1253 1206 1312 1290 γὰρ
1334 1208 1469 1283 ἐπέσται,
1491 1206 1659 1271 Eumenid.
1683 1206 1782 1294 533·).
1827 1205 1902 1288 Qua

286 1337 363 1380 vero
385 1315 508 1380 ratione
529 1337 633 1401 poena
655 1318 692 1379 ut
714 1313 830 1401 perdat
851 1310 1011 1377 hominem
1033 1317 1255 1398 persequatur,
1279 1335 1299 1376 a
1321 1312 1418 1378 choro
1447 1313 1625 1400 explicatur
1646 1311 1858 1399 antistropha.

371 1443 476 1518 βιᾶται
498 1433 547 1500 rt‘n‘r
569 1435 699 1501 τάλαινα
721 1431 839 1512 πειθώ,
939 1431 1003 1499 circ.
1025 1432 1066 1498 α’.
1205 1432 1290 1499 πόλει
1313 1433 1495 1518 πρόςτριμμ’
1521 1435 1656 1520 ἄφερτον
1677 1437 1786 1512 ἐνθείς.

373 1539 600 1624 προβουλόπαις
620 1540 756 1625 ι’ύφιρτος
778 1538 864 1608 ἄτας.
1002 1545 1066 1604 370
1206 1543 1293 1602 λιτᾶν
1314 1538 1446 1605 δ’ύκούει
1467 1541 1524 1622 μὲν
1546 1539 1631 1616 οὔτις
1652 1546 1753 1625 θεῶν·

370 1645 444 1719 ὄντος
465 1645 498 1708 ‹le‘
520 1644 737 1726 παμμάταιον.
761 1644 815 1708 οιίι
837 1643 989 1728 ἐκρύφθη,
1207 1642 1262 1708 τὸν
1282 1643 1498 1730 δ’ἕπύστροφον
1522 1652 1584 1710 τῶν
1806 1723 1807 1728 ¹
1838 1657 1902 1716 380

371 1750 476 1832 aptast
499 1750 532 1814 ds*
555 1756 624 1834 φῶς
646 1749 841 1829 αἰνολαμπές,
868 1751 967 1823 σίνος·
1206 1748 1283 1834 φῶτ’
1308 1747 1414 1813 ἄδικον
1434 1755 1587 1834 καθαιρεῖ.

369 1861 467 1918 κακοῦ
489 1855 522 1918 tr*
542 1860 660 1936 χαλκοῦ
683 1852 807 1935 τρόπον,
1206 1849 1271 1928 οἷος
1291 1855 1339 1917 καλ
1363 1852 1478 1938 Πάρις,
1502 1854 1605 1919 sluaa

370 1961 469 2046 τρίβῳ
491 1983 524 2022 τε
546 1959 594 2021 καλ
619 1964 803 2040 προςβολαῖς
1207 1959 1238 2031 ἒς
1259 1957 1358 2039 δύμον
1379 1957 1434 2022 τὸν
1453 1957 1612 2042 Ἀτρειδᾶν

369 2061 574 2145 ριελαμπαγής
594 2065 674 2132 πέλει
1002 2071 1065 2131 375
1205 2061 1318 2150 ᾔσχυνε
1341 2066 1440 2140 ξενίαν
1463 2063 1583 2148 τράπε-

373 2170 556 2244 ύικαιωθεύς,
580 2169 640 2232 ἐπεὶ
1207 2171 1261 2247 ζαν
1282 2173 1422 2232 κλοπαῖοι
1446 2168 1597 2252 γυναικός.
1837 2180 1901 2240 385

373 2271 471 2339 ύιύκιι
494 2284 566 2348 παῖς
587 2271 722 2338 ποτανὸν
744 2272 839 2356 ὄρνιν,

371 2421 401 2462 v.
424 2405 486 2463 369
510 2418 581 2482 sqq.
610 2394 739 2462 Cborus
769 2398 901 2462 eandem
932 2397 1072 2484 explicat
1098 2397 1307 2474 sententiam,
1337 2418 1432 2481 quam
1464 2418 1562 2484 supra
1588 2422 1619 2465 τ.
1644 2407 1705 2466 205
1737 2423 1805 2488 sqq.
1837 2401 1900 2467 iam

283 2495 442 2592 exposuit.
486 2503 608 2579 Homo,
631 2503 686 2586 qui
708 2500 804 2566 semel
827 2502 928 2568 scelus
950 2503 1091 2580 admisit,
1114 2501 1268 2568 violenter
1283 2501 1324 2566 ad
1345 2524 1463 2567 norum
1487 2502 1589 2568 scelus
1604 2504 1755 2591 adigitur,
1778 2509 1811 2572 in
1834 2508 1901 2574 dies

287 2609 388 2696 magis
410 2608 575 2695 magisque
597 2607 714 2672 scelere
735 2605 958 2694 obstringitur,
980 2611 1019 2672 ut
1041 2607 1170 2674 tandem
1192 2607 1261 2673 lieri
1280 2631 1344 2674 non
1366 2607 1485 2695 possit,
1508 2609 1584 2692 quin
1605 2611 1720 2676 scelere
1743 2613 1902 2699 opprima

285 2721 346 2784 tur.
392 2714 507 2801 Adigit
528 2736 606 2779 vero
627 2712 787 2778 bominem
810 2712 941 2776 τάλαινα
964 2712 1074 2793 πειθώ,
1099 2736 1193 2799 quam
1217 2713 1334 2778 chorus
1363 2737 1391 2778 v.
1415 2721 1487 2781 210.
1512 2713 1640 2778 τάλαινα
1662 2714 1826 2798 παρακοπά
1849 2740 1902 2806 ap·

285 2819 390 2908 pellat.
425 2817 591 2900 παρακοπά
624 2817 783 2904 significat
813 2818 928 2884 mentis
957 2817 1197 2894 alienationem,
1221 2823 1360 2884 mentem
1388 2821 1429 2886 de
1455 2820 1593 2886 veritate
1615 2818 1781 2907 depulsam
1804 2825 1901 2908 atque

284 2925 414 2992 libidine
436 2923 648 2999 obcaecatum,
668 2945 764 3007 quam
787 2921 972 3006 παρακυπύν
993 2948 1023 2990 ν.
1048 2933 1121 2990 209.
1144 2924 1260 2990 chorus
1283 2929 1378 2991 vocat
1399 2925 1618 3010 αἰσχρόμητιν,
1641 2926 1750 3012 turpia
1771 2929 1901 2994 suades·

284 3035 362 3096 tem.
407 3027 531 3094 Eadem
558 3032 608 3094 est
636 3026 729 3094 huius
752 3028 813 3094 loci
842 3027 972 3092 τάλαινα
995 3029 1114 3107 πειθώ,
1138 3051 1219 3115 quae
1241 3051 1340 3117 supra
1362 3030 1564 3114 αἰσχρόμητις
1586 3029 1715 3096 τάλαινα
1737 3033 1902 3116 παρακοπά

282 3133 496 3212 describitur3
519 3137 568 3198 est
590 3133 772 3199 malesuada
794 3155 882 3198 mens
905 3132 1034 3200 libidine
1057 3133 1160 3200 offusa
1181 3138 1278 3218 atque
1301 3134 1482 3212 obcaecata,
1505 3158 1588 3221 quae
1603 3136 1765 3202 hominem
1787 3137 1902 3204 violen·

281 3245 333 3306 ter
355 3243 461 3327 urget.
505 3239 599 3306 Haec
627 3237 727 3303 ιτειέλονΙ
752 3239 938 3326 designatur
967 3237 1197 3322 προβουλύπαις
1225 3240 1360 3325 ἄφερτος
1386 3239 1472 3315 trag.
1517 3242 1626 3327 Atque
1649 3246 1725 3329 apte
1747 3243 1901 3310 hocloco

283 3344 383 3412 πειθιλ
406 3355 478 3420 παῖς
500 3343 578 3420 trac
598 3344 753 3432 appellari
775 3349 922 3432 apertum
945 3350 1005 3410 est.
1054 3344 1113 3427 ύτη
1137 3346 1219 3410 enim
1235 3367 1298 3410 non
1321 3345 1424 3412 solum
1447 3347 1602 3432 pernicies
1625 3352 1675 3412 est
1697 3351 1794 3433 atque
1815 3349 1901 3414 ‹lam-

285 3473 360 3516 num
389 3473 453 3516 non
479 3473 616 3516 vacuum
647 3450 795 3527 crimine,
817 3473 928 3517 rerum
958 3452 1056 3516 etiam
1086 3473 1124 3516 ea
1146 3451 1261 3516 mentis
1283 3451 1501 3538 perturbatio,
1525 3474 1588 3538 qua
1609 3452 1705 3519 homo
1727 3453 1760 3518 in
1781 3455 1899 3520 crimen

286 3558 383 3640 atque
404 3556 553 3621 damnum
576 3555 784 3642 propellatur.
830 3556 923 3622 Haec
944 3556 1003 3641 ύτη
1027 3560 1130 3621 mater
1154 3556 1238 3643 parit
1254 3555 1353 3620 liliam
1369 3555 1476 3635 πειθιύ,
1501 3557 1672 3634 suadelam,
1696 3581 1759 3643 qua
1780 3557 1901 3624 homiui

285 3659 500 3747 persuadetur
520 3665 558 3726 ut
580 3659 682 3728 scelus
705 3663 858 3728 admittat
879 3667 913 3727 et
935 3661 1105 3750 persidem
1128 3661 1189 3748 sibi
1210 3663 1279 3748 ipss
1294 3662 1478 3728 consciscat
1524 3659 1634 3743 Quum
1655 3663 1720 3727 lilia
1742 3665 1807 3730 suis
1829 3687 1901 3731 oon·

282 3767 362 3830 siliis
385 3764 544 3830 hominem
566 3771 696 3854 urgeat,
719 3766 798 3834 benc
828 3767 1059 3850 προβυυλόπαις
1088 3766 1280 3854 appellatur.
1326 3765 1392 3834 Sed
1421 3769 1558 3855 pessime
1579 3769 1657 3833 baec
1678 3791 1741 3834 vox
1762 3775 1899 3852 προβου-

281 3868 396 3945 λύπαις
418 3870 612 3956 interpretes
634 3873 737 3942 torsit.
775 3872 989 3959 Hartungius,
1012 3872 1063 3938 cui
1085 3872 1137 3938 alii
1158 3874 1387 3951 assentiuntur,
1410 3873 1491 3940 banc
1512 3895 1622 3940 vocem
1643 3873 1792 3959 designat
1814 3875 1901 3940 omni

279 3997 375 4041 sensu
399 3979 563 4042 carentem
586 3977 775 4062 asseritque,
806 3981 839 4042 et
867 3983 1005 4044 metrum
1035 3983 1068 4044 et
1088 3980 1278 4045 senteutiam
1300 3978 1447 4066 flagitare
1469 3976 1646 4060 προβούλου
1666 3988 1750 4052 παῖς.
1795 3979 1842 4044 At
1864 3983 1901 4046 ut

283 4085 421 4146 metrum
452 4105 582 4170 quoque
612 4081 784 4166 upopodion
814 4093 885 4158 παῖς
912 4083 1050 4171 flagitet,
1078 4089 1174 4150 antea
1202 4085 1234 4150 in
1262 4085 1397 4172 stropha
1426 4080 1553 4164 πύρεατι
1583 4082 1616 4145 in
1638 4079 1787 4166 αύρεατιν
1815 4084 1902 4150 nulla

286 4187 406 4254 ratione
428 4192 573 4256 mutetur
595 4209 723 4253 necesse
744 4191 803 4254 est.
849 4187 1046 4255 Sententiam
1070 4213 1163 4268 vero,
1194 4195 1232 4256 ut
1260 4189 1435 4276 προβούλου
1458 4197 1530 4262 παῖς
1552 4185 1901 4278 ιιοείλτολατμλλορὶλατο

287 4291 413 4358 minime
433 4294 563 4380 probari
585 4295 713 4382 potest,
736 4315 834 4378 quum
857 4292 1088 4376 προβουλύπαις
1116 4316 1220 4380 neque
1247 4293 1334 4360 omui
1363 4314 1458 4358 sensu
1480 4295 1588 4358 careat
1608 4313 1712 4377 neque
1733 4296 1901 4360 sententia

287 4417 360 4460 rum
384 4401 546 4466 contextui
577 4402 747 4486 repugnet.
792 4397 1032 4480 προβοαλόπαις,
1063 4401 1150 4484 quod
1181 4399 1310 4485 quidem
1340 4395 1424 4476 ἱύτταξ
1451 4396 1612 4482 λεγόμενον
1641 4402 1707 4476 est,
1742 4400 1900 4486 siguificat

282 4500 380 4566 filia
401 4505 662 4572 consiliatrix
685 4501 740 4592 (cl.
760 4503 935 4570 Wellauer.
956 4503 1019 4568 lex.
1042 4505 1157 4572 Aesch.
1180 4527 1207 4571 s.
1229 4505 1260 4574 h.
1284 4507 1343 4590 a),
1374 4503 1468 4569 filia
1489 4502 1723 4569 consultrix
1744 4503 1798 4592 (cl.
1819 4503 1900 4569 Her-

282 4629 368 4672 τουπ.
398 4607 420 4672 i.
451 4607 480 4676 h.
511 4608 559 4696 1.),
592 4609 689 4676 filia
718 4632 853 4678 curam
881 4630 1031 4696 gerens
1060 4608 1115 4698 (cf.
1145 4610 1299 4680 Klausen.
1327 4611 1347 4678 i.
1369 4608 1400 4678 b.
1423 4609 1469 4698 1.).
1513 4608 1724 4690 Klausenius,
1755 4612 1794 4674 ut
1815 4613 1900 4674 recte

281 4712 432 4778 videatur
455 4712 534 4782 haec
561 4737 624 4782 vox
652 4737 721 4782 esse
748 4715 942 4802 composita,
972 4735 1067 4780 voces
1094 4715 1187 4782 affert
1219 4717 1330 4783 eadem
1355 4715 1480 4780 ratione
1509 4713 1703 4801 compositas
1733 4711 1899 4796 αἰνόπατερ

284 4815 344 4884 Ch.
368 4823 453 4896 315,
476 4819 720 4902 ἇμβροτύπευλος
740 4821 821 4887 Ειττ.
844 4820 963 4885 Troas.
987 4827 1078 4894 536..
1100 4819 1277 4904 Αἰνόπαρις
1296 4820 1376 4888 Hee.
1402 4827 1484 4898 945,
1508 4820 1622 4905 quibus
1651 4822 1684 4884 et
1706 4817 1785 4883 aliae
1806 4817 1901 4884 adiici

285 4928 418 5006 possunt
445 4923 500 5013 (cf.
533 4923 729 4994 Schneider.
756 4927 777 4992 i.
799 4926 831 4993 b.
853 4925 897 5010 1.)
932 4924 1172 4993 Sententiarum
1200 4931 1307 4992 autem
1338 4926 1501 4993 contextui
1530 4946 1640 4992 vocem
1669 4923 1902 5009 προβουλύπαις

1639 5031 1688 5095 21
