4554 5612
998 445 1151 454 .--..,
1199 412 1238 470 13
1285 445 1437 456 -..-...,..

408 633 567 721 significet
589 633 828 699 universitatem
851 633 1048 720 Argivorum
1070 635 1185 720 gentis,
1218 653 1329 699 omnes
1344 634 1484 721 Argivos
1506 633 1560 722 (ct
1584 636 1710 721 „gentis
1731 657 1901 705 commune
1921 639 2029 708 Pelas-

408 747 489 826 ὅσθ’
524 735 622 804 Ovid.
645 737 964 826 Metamorph.X11.
989 737 1044 827 7.).
1087 738 1156 806 Ρτο
1177 739 1309 826 vulgata
1331 738 1545 823 τλησικάρδιος
1566 739 1735 826 legendnm
1751 763 1820 808 esse
1835 743 2029 829 τηξιιιάρδιος

336 865 343 879 ·
408 843 503 908 docet
524 843 631 930 glossa
651 843 749 910 Fsrn.
779 842 836 926 τὴν
857 845 988 925 κορδιίιν
1009 841 1155 926 τήκουσιι,
1200 841 1304 924 δόμων
1326 843 1497 920 librorum,
1517 848 1627 930 „quod
1648 847 1702 912 vix
1724 851 1833 934 potest
1854 849 2026 936 explicari“

407 947 540 1036 (Engcr.
564 949 611 1014 ed
637 951 724 1034 ma),
754 969 794 1014 ex
824 947 935 1013 eodem
964 947 1136 1014 scholiasta
1166 949 1345 1014 recentiore
1366 949 1531 1015 verissime
1554 949 1662 1033 δόμοις
1683 954 1866 1040 corrigitur.
1910 954 2028 1021 Totius

408 1053 509 1138 igitur
529 1052 591 1118 loci
613 1055 804 1120 sententium
827 1053 873 1118 sic
894 1053 1069 1139 inteiligas:
1092 1051 1214 1120 Omni
1236 1053 1391 1140 populo
1421 1075 1468 1119 ex
1492 1052 1672 1122 Graecia
1693 1059 1817 1124 simul
1839 1082 1912 1125 uns
1934 1082 2027 1148 pro·

407 1156 519 1224 fecto
541 1158 680 1224 luctus
703 1157 822 1223 unimi
844 1156 1045 1224 tabificus
1073 1159 1210 1225 domui
1233 1159 1560 1244 uniuscuiusque
1582 1164 1647 1226 est
1667 1165 1930 1250 conspicuus,
1953 1167 1973 1234 i.
1997 1187 2027 1231 s.

408 1263 574 1329 universae
596 1263 750 1331 Graeciae
771 1260 913 1348 singulae
935 1262 1049 1328 domus
1070 1264 1181 1351 lugent
1203 1285 1258 1328 cos
1280 1264 1387 1347 quiin
1412 1263 1529 1330 bellum
1559 1269 1635 1330 sunt
1656 1266 1803 1352 profecti.

495 1392 524 1439 v.
547 1376 623 1435 413.
649 1367 757 1434 Multa
776 1369 887 1453 utique
910 1369 951 1433 ed
969 1369 1056 1434 iecur
1076 1371 1275 1456 pertingunt.
1320 1367 1477 1450 θιγγάνει,
1502 1370 1589 1453 quod
1609 1369 1758 1456 Engerus
1784 1372 1847 1459 (ed.
1872 1374 1949 1462 ms.)
1971 1374 2027 1440 vix

407 1496 518 1540 verum
540 1495 610 1539 esse
632 1477 737 1560 putet.
759 1472 939 1539 Meinekius
961 1474 995 1538 in
1015 1471 1158 1556 κιγχάνει,
1184 1473 1439 1540 Schneidewinus
1466 1473 1499 1538 in
1522 1471 1649 1557 θηγάνει
1672 1479 1833 1541 mutatum
1856 1478 1941 1556 vult,
1964 1501 2027 1544 ser-

408 1585 503 1646 vetur
532 1583 670 1666 oportet.
715 1577 816 1657 Nam,
847 1582 885 1642 ut
907 1578 1102 1644 Klunsenius
1130 1579 1201 1644 iure
1227 1579 1336 1655 affert,
1359 1577 1515 1662 θιγγάνειν
1538 1577 1616 1661 πρός
1637 1604 1680 1658 τι,
1712 1582 1917 1668 tangendo
1940 1605 2026 1670 per-

408 1686 560 1760 tinere,
590 1684 798 1771 pertinere
827 1684 887 1748 ita
915 1687 961 1748 ut
990 1687 1151 1770 tangat,
1182 1685 1300 1750 fortius
1327 1683 1452 1749 dietum
1482 1688 1531 1750 est
1562 1707 1622 1770 pro
1645 1683 1689 1768 λγί
1714 1675 1798 1767 ἧπαρ
1821 1698 2023 1769 προςικνεῖτυι

408 1791 523 1876 Agam.
549 1795 634 1864 757„
656 1811 848 1874 quamquam
871 1788 940 1854 aliis
963 1787 1039 1854 locis
1063 1787 1219 1870 θιγγάνειν
1241 1812 1313 1856 cum
1336 1789 1477 1876 genitivo
1498 1790 1644 1877 iungitur
1665 1787 1718 1878 (cf.
1743 1787 1831 1878 Sept.
1851 1798 1903 1857 44.
1926 1797 2023 1874 241).

407 1894 477 1960 Nos
499 1893 654 1958 dicimus:
690 1894 830 1960 Violes
853 1893 986 1980 grcift
1003 1894 1043 1979 ja
1066 1895 1153 1958 au‘s
1173 1894 1293 1959 Herc.

496 2023 524 2068 v.
548 2006 621 2068 414.
653 1998 735 2064 Nam
767 2021 847 2085 quos
877 2001 948 2085 quis
980 1999 1067 2064 misit
1092 1999 1282 2078 iubenum,
1316 2023 1380 2066 non
1408 1999 1554 2088 ignorat,
1583 2023 1643 2088 pro
1665 2001 1745 2066 vivis
1766 2004 1873 2068 autern
1893 2024 1969 2068 vase.
1991 2005 2027 2068 et

409 2103 486 2169 cinis
517 2103 549 2168 in
579 2105 826 2191 uniuscuiusque
852 2106 982 2170 domum
1011 2107 1227 2192 reportantur.
1271 2104 1363 2189 τεύχη
1392 2105 1452 2172 hoc
1480 2106 1551 2172 loco
1582 2106 1741 2192 siguificat
1768 2128 1886 2184 „urnas
1909 2091 2026 2192 quibus

407 2209 558 2275 conditur
587 2211 680 2286 cinis,
710 2233 791 2296 quae
817 2213 933 2296 postea
959 2191 1084 2294 λίβιγτες
1106 2211 1249 2287 dictoe“‚
1280 2233 1374 2296 quam
1398 2212 1492 2276 huius
1514 2211 1601 2277 vocis
1624 2213 1788 2276 notionem
1811 2213 1936 2300 optimo
1956 2214 2028 2277 iure

408 2319 520 2380 tuetur
544 2315 739 2382 Kisusenius
760 2316 912 2381 adversus
936 2315 1026 2396 alios,
1049 2316 1103 2400 qui
1125 2338 1183 2403 per
1204 2315 1299 2400 τιόχη
1322 2339 1411 2382 arura
1441 2339 1510 2384 esse
1530 2316 1736 2404 intelligendu
1756 2317 1881 2402 putint.
1923 2318 2027 2383 Hum-

409 2417 550 2485 boidtius
583 2421 682 2486 vertit
714 2419 1096 2498 Wefienschmuck,
1139 2422 1313 2487 Donncrus
1346 2421 1484 2498 Wehr,
1526 2420 1795 2510 Naegelsbachius
1827 2422 2025 2509 Riistung.

409 2525 639 2592 Verumtamen
662 2526 891 2592 sententiarum
914 2528 1068 2592 contextu
1093 2525 1260 2592 manifesto
1282 2531 1425 2615 apparet,
1449 2526 1581 2593 chorum
1604 2529 1709 2594 dicere
1727 2527 1816 2604 velle,
1840 2527 1917 2594 nihil
1939 2526 2026 2593 aliud

409 2630 470 2696 nisi
492 2632 643 2718 exiguum
666 2632 802 2698 cinerem
824 2654 883 2720 pro
905 2632 984 2697 vivis
1005 2632 1082 2719 ipsis
1104 2632 1236 2697 domum
1259 2632 1417 2720 reportari
1439 2632 1494 2721 (cf.
1516 2656 1545 2702 v.
1569 2640 1634 2699 420
1655 2632 1737 2721 sqq.)

496 2945 676 3012 Maximum
700 2948 866 3014 universae
890 2946 1046 3014 Graeciae
1069 2969 1245 3014 moerorem
1269 2948 1344 3034 quin
1367 2947 1497 3016 uberius
1526 2949 1642 3016 chorus
1664 2951 1808 3026 enarret,
1836 2947 1940 3014 facere
1961 2971 2027 3014 non

409 3054 528 3138 potest.
572 3051 858 3119 Vehementissime
886 3055 969 3120 enim
996 3054 1139 3118 omnium
1169 3053 1285 3119 civium
1313 3054 1400 3120 domi
1422 3055 1606 3122 relictorum
1634 3057 1758 3121 animos
1781 3054 1906 3120 mordet
1927 3057 2027 3139 atquc

409 3156 527 3222 exedit.

496 3256 741 3347 όχρυσαμοιβός
756 3263 781 3328 δ’
789 3263 884 3347 Ἄρης
895 3262 1048 3346 σωμάτων
1070 3287 1137 3344 στρ.
1150 3260 1188 3348 γ’.
1328 3262 1383 3328 τὸν
1404 3265 1437 3330 dr
1457 3276 1568 3351 φοναῖς
1588 3271 1670 3331 καλά
1673 3291 1686 3342 ς
1710 3261 1828 3328 πεσόντ’
1851 3264 1918 3327 άλ-

497 3369 545 3430 xui
567 3373 776 3451 ταλαντοῦχος
798 3371 830 3434 όν
850 3368 936 3456 μάχῃ
958 3367 1052 3450 δορὸς
1329 3372 1454 3450 λοτρίος
1476 3372 1537 3434 «irai
1560 3369 1723 3454 γυναικός·

497 3474 643 3556 πυρωθὲν
664 3475 696 3550 ἓξ
714 3474 806 3538 Ἰλίου
1125 3481 1189 3541 420
1330 3471 1403 3538 τάδε
1425 3473 1496 3557 σῖγά
1519 3500 1565 3549 τις
1587 3473 1703 3554 βαΰζει.

498 3579 612 3662 φίλοισι
635 3579 744 3660 πίμπει
765 3579 849 3664 βορά
1331 3577 1491 3662 φθονερὸν
1512 3577 1538 3641 δ’
1562 3576 1612 3642 ὑπ’
1638 3576 1729 3659 άλγος
1751 3575 1833 3659 λ’ρπει
1959 3579 2028 3640 430

496 3688 608 3767 ψῆγμα
630 3680 849 3768 δυςδάνρυτον,
874 3683 938 3750 ἄν·
1330 3683 1486 3766 προδίκοις
1504 3682 1683 3766 Ἀτρείδαις.

497 3786 627 3871 τήνορος
649 3789 768 3852 σποδοῦ
789 3792 860 3872 γεμί
865 3829 882 3842 -
1330 3785 1360 3848 οἶ
1381 3787 1408 3849 δ’
1432 3787 1532 3851 αὐτοῦ
1554 3789 1621 3873 περὶ
1645 3798 1743 3870 τεῖχος

498 3894 556 3970 ζων
576 3894 709 3977 λίβητος
734 3893 899 3970 εὐδίτους·
1329 3889 1432 3975 θήκας
1450 3890 1580 3968 Ἰλιάδος
1600 3899 1657 3976 γᾶς

496 3999 636 4064 στόνουσι
658 3997 685 4060 δ’
710 3990 743 4062 sd
766 3999 904 4082 λίγοντες
925 3999 987 4064 όν-
1126 4003 1190 4064 425
1330 3994 1507 4081 εὐμόρφους
1526 3997 1720 4078 νατίχουσιν·
1742 3999 1801 4078 ἐχ-

498 4105 557 4187 δρυ
579 4109 691 4166 τοῦτον
714 4099 756 4178 nic
776 4101 879 4185 μάχης
901 4103 989 4186 ἴδρις,
1330 4100 1396 4187 θρὰ
1420 4101 1577 4184 δ’όχουτος
1600 4100 1738 4184 λἰιρυψεν.
1958 4099 2025 4160 435

497 4209 588 4274 Mars
615 4209 753 4273 remittit
782 4207 919 4274 debilem
946 4209 1087 4274 virorum
1117 4210 1253 4275 cinerem
1284 4228 1357 4272 cum
1379 4229 1504 4272 summo
1527 4208 1737 4293 superstitum
1759 4202 1860 4266 luctu.
1904 4199 1970 4267 Sed
1991 4199 2025 4264 hi

411 4312 632 4380 molestissime
659 4313 785 4389 serunt,
818 4313 904 4398 quod
937 4313 1056 4379 atenac
1086 4314 1226 4380 mulieris
1255 4335 1351 4378 causa
1379 4318 1447 4378 tam
1478 4312 1570 4378 multi
1597 4315 1631 4376 et
1659 4309 1734 4374 boni
1761 4308 1821 4373 viri
1850 4306 2023 4393 perierunt.

410 4419 463 4486 Ex
485 4419 545 4483 huc
576 4419 676 4505 igitur
701 4419 750 4484 ira
778 4418 922 4485 exoritur
950 4419 1068 4486 invidia
1097 4422 1195 4505 utque
1222 4419 1331 4484 odium
1354 4419 1387 4483 in
1409 4418 1556 4492 Atrides,
1586 4416 1704 4501 quippe
1726 4413 1781 4498 qui
1803 4411 1897 4477 huius
1918 4411 2026 4476 caedis

411 4528 557 4592 auctores
580 4524 653 4588 sint.

497 4653 526 4696 v.
550 4635 624 4694 418.
651 4626 864 4714 χρυσαμοιβὸς
895 4627 1047 4711 σωμάτιον
1073 4651 1091 4695 e
1119 4631 1279 4696 sententis
1299 4630 1421 4717 Engeri
1449 4624 1512 4718 (ed.
1535 4631 1612 4708 mu.)
1638 4623 1730 4690 Mure
1759 4623 1892 4698 dicitur,
1915 4618 2025 4705 „qUOd

410 4758 471 4823 pro
500 4733 704 4821 corporibus,
726 4756 786 4821 pro
814 4734 908 4811 viris,
931 4756 1012 4818 quos
1041 4737 1172 4823 accipit,
1196 4757 1309 4800 aurum
1339 4735 1446 4800 reddit
1476 4733 1496 4796 i.
1519 4753 1546 4796 e.
1574 4751 1687 4796 urnam
1717 4751 1844 4794 auream
1869 4725 2025 4807 άντήνοριι

411 4839 528 4906 σποδόν
561 4842 807 4907 continentem.“
863 4843 1017 4905 Attamen
1050 4842 1126 4926 quin
1159 4865 1223 4906 non
1256 4841 1396 4906 omnium
1431 4839 1625 4912 occisorum,
1658 4836 1756 4900 immo
1790 4851 2025 4920 perpaucorum

409 4945 531 5014 cineres
559 4947 648 5012 urnis
674 4946 779 5012 aureis
807 4945 928 5012 conditi
948 4947 982 5012 in
1004 4947 1142 5034 patriam
1172 4947 1236 5012 sint
1263 4945 1436 5033 reportati,
1458 4944 1590 5010 dubium
1613 4963 1677 5006 non
1698 4948 1756 5008 est.
1801 4937 1939 5024 Propius
1961 4934 2027 4998 iam
