4554 5612
842 419 1082 478 ..μ-..19
1129 449 1283 460 ...-.-

256 647 299 712 sd
319 665 424 710 reram
453 642 548 708 buius
575 643 661 708 vocis
684 641 929 729 explicationem
950 639 1073 704 accedit
1095 636 1297 705 Wellauerus
1320 636 1395 725 (lex.
1418 636 1567 723 Aeschyl.
1589 659 1614 704 s.
1635 640 1691 724 v.).
1727 661 1870 720 „gonon-

254 747 363 834 μοοβός
393 749 447 834 qni
477 748 597 834 aliquid
627 770 707 814 auro
729 747 908 834 permutat,
937 765 1033 810 sensu
1055 743 1210 808 translato
1234 793 1321 810 .....
1345 742 1435 807 Mars
1460 744 1514 828 qui
1536 744 1711 810 occisorum
1735 765 1871 830 corpora

253 855 411 922 cineribus
433 857 614 941 permutat,
641 855 696 938 qui
725 877 784 940 pro
813 849 1001 937 corporibus
1030 849 1150 914 cineres
1172 847 1313 912 reddit.“
1355 848 1395 913 ld
1417 852 1524 914 tamen
1548 871 1610 914 non
1635 848 1763 930 omnino
1785 853 1870 914 recte
1938 863 1944 876 ·

250 961 409 1048 disputat.
455 957 538 1024 Nam
560 958 652 1024 Mars
681 981 745 1024 non
775 957 952 1024 occisorum
979 975 1116 1040 corpora
1144 952 1302 1018 cineribus
1325 957 1444 1029 mutat,
1474 955 1531 1018 sed
1557 954 1702 1020 vivorum
1726 976 1871 1040 corpora.

249 1065 444 1134 Rectissime
471 1065 573 1151 igitur
603 1063 887 1151 Naegelsbachius:
923 1061 999 1145 „qui
1027 1081 1086 1146 pro
1113 1057 1305 1144 corporibus
1335 1058 1431 1133 rivis,
1461 1079 1543 1142 quse
1572 1058 1707 1144 accepit,
1737 1058 1872 1124 reddere

250 1171 337 1238 solet
360 1176 519 1236 mortua.“
553 1167 776 1252 χροοομοοβός,
803 1189 898 1254 quam
920 1187 1030 1230 vocem
1053 1163 1233 1248 Hesychius
1257 1163 1488 1248 interpretatur
1509 1162 1764 1244 depopoyroipnr,
1785 1164 1870 1229 idem

253 1277 414 1364 significat
436 1275 523 1361 quod
547 1272 788 1358 ἀργορομοοβός,
813 1270 1090 1360 argentarius.
1128 1269 1241 1356 Mars
1262 1273 1327 1334 est
1349 1269 1615 1354 argentarius
1636 1289 1870 1354 corporum,

226 1384 325 1479 ¹‘qui
365 1402 438 1469 pro
478 1378 731 1467 corporibus
763 1379 871 1444 vivis
904 1375 1046 1442 reddit
1081 1376 1263 1451 mortua,
1308 1395 1380 1461 pro
1412 1372 1658 1460 corporibus
1691 1373 1871 1438 vivorum

256 1490 415 1556 eineres
438 1491 705 1552 mortuorum.

344 1645 372 1686 v.
404 1625 478 1686 419.
510 1622 737 1696 ταλαντοῦχος,
770 1612 922 1678 libram
949 1616 1110 1690 teneus,
1143 1611 1277 1676 similem
1308 1609 1494 1675 mercatoris
1527 1609 1696 1696 imaginem
1727 1608 1871 1696 praebet.

260 1727 349 1794 Mars
377 1724 492 1791 libram
521 1725 611 1787 tenet
640 1721 673 1786 in
700 1720 864 1785 hastarum
893 1741 1019 1807 pugne,
1050 1741 1113 1804 qua
1139 1717 1221 1782 libra
1246 1717 1346 1781 vitam
1376 1715 1539 1780 hominum
1562 1715 1674 1802 pendit
1696 1719 1792 1800 atque
1813 1739 1872 1802 pro

259 1833 322 1898 rita
352 1833 490 1896 mortem
520 1828 636 1893 reddit.
681 1827 734 1892 De
760 1825 869 1890 Marte
902 1825 1055 1890 victoriae
1087 1823 1191 1888 lances
1225 1826 1352 1887 tenente
1383 1824 1518 1908 propter
1550 1843 1658 1885 rerum
1686 1826 1870 1887 contextum

252 1937 398 2026 cogitare
419 1937 576 2001 vetamur.

342 2091 373 2134 v.
397 2073 472 2130 421.
494 2068 608 2149 φίλοισι
632 2063 779 2150 Engerus
801 2066 888 2126 recte
911 2085 973 2126 non
997 2062 1037 2126 de
1059 2060 1218 2140 amicis,
1241 2060 1299 2125 sed
1321 2059 1360 2124 de
1384 2059 1651 2146 propinquis,
1675 2057 1872 2145 parentibus,

252 2169 463 2258 coniugibus,
496 2169 620 2248 liberis,
654 2170 905 2255 interpretatur;
939 2170 1022 2252 φίλοι
1056 2170 1131 2231 sunt
1164 2165 1331 2231 domestici
1364 2165 1551 2231 occisorum.
1584 2201 1629 2213 -
1669 2162 1872 2250 Quamquam

255 2275 403 2344 Sebiitzii
425 2275 622 2351 coniectura,
647 2273 702 2360 qui
731 2295 790 2360 pro
818 2270 902 2355 βαρὺ
924 2278 1036 2355 ψῆγμα
1070 2271 1302 2336 emendandum
1324 2290 1392 2335 esse
1412 2267 1516 2352 βραχὺ
1538 2275 1649 2351 ψῆγμα
1671 2273 1784 2355 putot,
1807 2291 1874 2334 sen-

256 2383 378 2449 tentiae
405 2379 498 2446 huius
528 2381 589 2446 loci
619 2385 669 2445 est
697 2377 903 2452 conveniens,
935 2381 1042 2441 tamen
1072 2398 1174 2462 neque
1195 2399 1269 2440 eum
1293 2375 1479 2440 Hermanno
1502 2373 1568 2438 reri
1591 2373 1750 2439 simillima
1772 2396 1875 2459 neque

257 2511 330 2554 eum
360 2485 538 2552 Fritzsobio
567 2482 733 2573 praeclara
763 2485 813 2549 est
839 2481 1066 2570 praedicanda,
1101 2503 1199 2566 quum
1229 2480 1383 2546 librorum
1411 2479 1504 2544 lectio
1532 2479 1690 2566 optimum
1722 2478 1875 2566 praebent

257 2616 394 2660 sensum.
438 2590 556 2676 βαρύς,
590 2590 678 2656 velut
700 2590 797 2655 latine
819 2588 942 2675 gravis,
977 2591 1026 2652 est
1048 2587 1206 2664 tristis,
1229 2586 1480 2662 tristificus,
1513 2583 1621 2668 itaque
1645 2585 1810 2671 aptissime
1832 2586 1874 2649 ad

256 2698 338 2780 βαρὺ
360 2704 473 2780 ψῆγμα
496 2695 626 2761 additur
648 2693 867 2775 δοςδόκροτον.
906 2690 1013 2772 Quam
1037 2691 1168 2758 obrem
1191 2689 1532 2767 oumSchneidcwino,
1556 2689 1685 2777 Engero
1708 2690 1769 2772 (ed.
1787 2689 1874 2779 rna),

258 2799 509 2890 Naegelsbacbio
531 2801 693 2888 vulgatam
717 2799 884 2865 lectionem
907 2799 1080 2864 iustissime
1102 2798 1186 2864 tueri
1208 2797 1285 2862 mihi
1306 2797 1427 2863 videor.

346 2957 375 3002 v.
399 2940 473 3000 423.
497 2929 637 3016 ἀντῆοωρ
660 2930 776 3006 σποδός
806 2933 856 2996 est
876 2931 954 2996 cinis
977 2931 1032 3016 qui
1054 2952 1115 3017 pro
1141 2929 1268 2995 homine
1289 2929 1322 2994 in
1344 2928 1482 3015 patriam
1503 2931 1703 3015 reportatur,
1725 2951 1745 2994 a
1765 2927 1876 2994 Marte

259 3061 431 3126 corporum
455 3037 635 3124 argentario
657 3041 870 3124 permutatus.
917 3036 1072 3104 Wunderi
1095 3035 1263 3112 sententia,
1286 3035 1340 3119 qui
1361 3033 1537 3121 genitivum
1566 3030 1735 3118 ἀντήοορος
1757 3035 1876 3096 σποδοῦ

257 3166 299 3210 ex
322 3140 478 3208 vocabulo
500 3148 612 3225 ψῆγμα
634 3147 743 3229 aptum
767 3165 837 3209 esse
859 3145 963 3228 putat,
986 3146 1023 3206 ut
1036 3143 1165 3225 γομίζοον
1180 3141 1312 3222 λέβητος
1333 3139 1410 3204 nihil
1425 3138 1511 3204 aliud
1533 3138 1577 3202 sit
1598 3138 1659 3204 nisi
1680 3137 1735 3215 „iu
1756 3138 1876 3216 urnis“,

256 3249 421 3340 plerisque
442 3247 673 3335 interpretibus
694 3248 762 3314 iure
784 3246 1007 3334 improbatur;
1030 3246 1269 3333 languidissims
1291 3245 1375 3310 euim
1398 3248 1457 3310 est.

344 3405 372 3450 v.
396 3387 460 3446 426
486 3402 555 3468 sqq.
577 3379 722 3466 Vulgata
743 3379 871 3466 quidem
894 3378 989 3444 huius
1011 3378 1072 3444 loci
1095 3377 1190 3442 lectio
1214 3377 1390 3463 depravata
1405 3397 1474 3441 esse
1488 3375 1625 3451 videtur,
1647 3397 1740 3459 quum
1764 3379 1878 3439 contra

261 3483 407 3570 Engerns
428 3485 492 3574 (ed.
516 3484 593 3574 ma.)
614 3487 788 3551 iustissime
810 3485 972 3570 disputat,
995 3483 1052 3548 sed
1075 3505 1138 3549 nou
1168 3484 1199 3548 iu
1227 3481 1374 3548 omnibus
1396 3482 1463 3548 eins
1491 3481 1700 3568 disputationi
1728 3481 1876 3546 assentiri

263 3591 347 3655 licet.
396 3592 470 3666 „riv
499 3591 571 3670 pir,
609 3590 732 3675 inquit,
763 3594 796 3654 et
820 3588 874 3652 τὸν
902 3589 938 3653 δέ
965 3612 1028 3654 nou
1056 3593 1144 3654 recte
1173 3593 1398 3675 opponuntur,
1428 3590 1563 3671 uterque
1590 3587 1672 3651 enim
1706 3586 1875 3664 ceciderat,

262 3698 399 3780 uterque
420 3694 557 3771 fortiter,
580 3701 717 3780 uterque
739 3693 858 3759 alienae
881 3694 1022 3760 mulieris
1044 3716 1150 3759 causa
1193 3691 1319 3758 Deinde
1341 3693 1501 3779 spondeus
1523 3693 1735 3780 suspicionem
1759 3697 1875 3768 movet,

260 3821 362 3884 quum
385 3800 417 3863 in
440 3802 512 3864 toto
533 3797 594 3864 hoo
613 3801 752 3865 carmine
772 3799 898 3865 iambici
921 3801 1018 3887 pedes
1039 3799 1280 3886 diligentissime
1306 3799 1474 3882 exaequati
1496 3799 1570 3864 sint.
1613 3797 1876 3884 Exspeetnverim

259 3903 361 3984 ἄνδρα
384 3905 430 3967 τοὶ
453 3904 510 3982 μὲν
533 3899 574 3976 ὡς
594 3903 695 3986 μάχης
716 3903 811 3987 ἴδοις,
837 3904 893 3970 τὸν
922 3908 954 3971 lv
983 3931 1051 3991 pov.
1073 3905 1220 3991 lugent
1243 3902 1536 3990 praedicantes
1557 3904 1688 3967 virum
1708 3904 1877 3991 propin·

257 4008 329 4093 qui
351 4009 460 4090 (φίλοι,
486 4006 602 4091 quibus
618 4007 752 4075 debebat
772 4010 892 4098 opponi
915 4009 943 4074 ot
960 4011 993 4074 δὲ
1007 4008 1171 4097 βοθζοοοι)
1191 4013 1384 4094 tanquam
1408 4029 1568 4095 pugnae
1590 4007 1787 4094 peritum,
1811 4009 1877 4094 qui

261 4113 478 4200 praeclare
501 4113 748 4180 occubuerit
770 4117 930 4181 eliense
953 4113 1141 4179 mulieris
1165 4135 1304 4190 causa;
1332 4112 1431 4178 talia
1461 4112 1583 4178 taciti
1612 4115 1877 4179 mussitant-‘⁴

258 4217 464 4304 Quemquam
488 4220 572 4303 φίλοι
596 4219 772 4285 subiectum
797 4225 847 4286 est
869 4220 964 4284 buius
986 4220 1172 4295 sententiae,
1194 4223 1300 4286 tamen
1323 4241 1388 4283 non
1409 4217 1454 4282 sic
1476 4239 1527 4282 res
1550 4219 1599 4282 est
1620 4222 1816 4305 comparata,
1839 4222 1878 4283 ut

258 4322 309 4388 bis
331 4324 518 4410 propinquis
539 4324 654 4414 (φίλοι)
681 4327 801 4412 opponi
830 4325 946 4392 debent
968 4323 997 4388 oi
1020 4324 1054 4387 di
1074 4323 1234 4404 βαΰζοοοι.
1276 4323 1361 4390 lllud
1383 4325 1430 4398 alc
1450 4323 1483 4388 in
1511 4321 1616 4387 verbis
1643 4321 1716 4387 τάδε
1739 4323 1810 4406 οἴγοὶ
1832 4348 1878 4398 τις

256 4427 364 4508 βαΰζει
393 4427 593 4494 referendum
621 4435 672 4496 est
701 4431 743 4495 od
773 4430 951 4496 subiectum
982 4429 1159 4494 sententiae
1188 4429 1408 4516 praecedentis
1441 4432 1479 4492 ut
1508 4449 1583 4514 pers
1616 4427 1756 4493 eiusdem
1784 4427 1878 4494 buius

260 4531 406 4598 subiecti.
444 4532 648 4601 Nonnemo
669 4536 811 4601 horum
835 4535 1160 4622 propinquorum
1183 4534 1342 4600 tacitus
1366 4533 1572 4602 mussitat.
1609 4533 1726 4617 ltaque
1748 4532 1875 4614 τοὶμέο,

258 4637 347 4723 quod
377 4635 526 4723 Engerus
552 4642 723 4728 proponit,
751 4640 878 4708 defendi
907 4639 1026 4724 nequit.
1067 4639 1096 4704 u
1127 4662 1199 4706 mes
1230 4639 1356 4726 quidem
1380 4640 1539 4705 sententis
1559 4638 1613 4702 τὸν
1633 4639 1690 4720 μὲν
1714 4633 1756 4712 ὦς
1776 4635 1879 4720 μάχης

260 4742 340 4824 ἴδρις
362 4740 420 4806 τὸν
440 4741 504 4807 ‹l’lr
525 4757 634 4829 φοναῖς
655 4753 757 4822 καλῶς
779 4744 912 4812 πεσόντα
935 4746 978 4811 sd
999 4767 1097 4812 unum
1121 4745 1319 4832 eundemque
1333 4749 1468 4833 spectet,
1492 4745 1581 4811 ouius
1600 4743 1720 4808 scilicet
1741 4741 1878 4807 cinerem

264 4848 448 4933 propinquis
471 4849 603 4914 domum
625 4851 718 4918 Mars
741 4853 888 4917 remittit.
933 4851 1040 4932 Quam
1063 4850 1106 4916 ob
1128 4873 1256 4917 causam
1279 4859 1316 4918 ut
1336 4851 1463 4938 legatur
1486 4870 1632 4937 propono
1652 4846 1751 4930 ἄνδρα
1767 4851 1880 4911 τοῦτον

260 4944 306 5025 eit
325 4949 427 5036 μάχης
449 4953 539 5042 ἴδρις,
565 4953 620 5020 τὸν
643 4958 675 5022 lv
697 4967 806 5042 φοναῖς
827 4983 855 5022 κ.
878 4982 905 5024 r.
928 4963 954 5021 λ.
997 4957 1161 5043 Lugent
1187 4957 1413 5045 propinqui
1438 4954 1730 5044 praedicantes
1751 4953 1879 5020 virum

1618 5059 1666 5126 30
