4554 5612
14 633 30 694 ;,
47 619 100 710 ipse
113 629 175 704 Μρρ

14 725 59 794 lam
80 727 176 824 flagiti,

14 834 30 900 d
48 837 96 906 ian
111 845 176 918 lonii

13 943 106 1016 rubrae
127 957 177 1024 airh

852 465 1007 476 -.,...,,.
1054 435 1091 494 17
1286 467 1293 475 .

261 681 340 748 quae
368 679 501 725 causam
526 655 747 745 praecedentis
768 656 921 724 continet.
967 655 1093 722 Visae
1121 656 1161 722 in
1190 659 1360 723 somniis
1382 659 1601 726 luctuosae
1622 661 1771 728 adsunt
1793 684 1882 750 spe·

259 767 342 833 aies
364 761 603 830 afferentes
625 761 800 849 gratiam
822 761 991 826 inanem.
1029 761 1223 827 laauiter
1245 763 1350 828 enirn
1362 815 1450 834 .....
1488 763 1600 850 Neque
1619 787 1697 831 vero
1713 789 1785 832 eum
1800 767 1882 833 Her·

256 891 373 936 manno
405 865 489 952 ὁρᾶν
516 867 703 956 legendum,
737 887 778 931 ex
805 887 870 950 quo
899 865 942 931 sit
963 862 1023 956 ὁρᾷ
1051 867 1257 944 sumendum,
1290 868 1345 934 sed
1373 891 1444 934 cum
1467 869 1537 934 aliia
1557 871 1715 955 (Prienio,
1738 871 1883 960 Engero)

254 972 316 1066 ὁρᾷ
339 974 590 1060 corrigendum,
623 994 662 1038 ex
695 993 761 1056 quo
795 967 874 1054 ὁρᾶν
900 971 942 1036 ad
972 974 1072 1035 δοκῶν
1100 971 1193 1038 facile
1214 974 1382 1060 repetitur.
1427 975 1494 1040 Pro
1516 975 1693 1040 Hermanni
1716 976 1878 1058 areaatad

252 1079 412 1146 encoma*
445 1079 629 1144 coniectura
657 1077 741 1142 malo
763 1074 909 1142 Dobraoi
938 1087 1061 1158 πτεροῖς
1090 1075 1240 1142 ὀποδοῦο’
1272 1079 1543 1156 emendationem,
1574 1102 1656 1166 quae
1685 1083 1818 1168 propius
1840 1081 1883 1146 ad

13 1185 15 1204 '
63 1211 70 1238 ν
139 1171 174 1246 ’.ι’
253 1185 420 1250 librorum
442 1183 608 1249 lectionem
630 1192 753 1266 πτεροῖς
775 1181 904 1257 ὀπαδοῖς
919 1181 1051 1258 accedit,
1074 1184 1112 1246 ut
1126 1182 1170 1246 sit
1185 1203 1305 1258 sensus,
1330 1185 1411 1250 alis
1433 1207 1609 1270 sequens
1631 1187 1761 1251 somni
1782 1188 1881 1252 vias.

87 1275 92 1288 ⁸
148 1280 152 1292 ’
258 1291 471 1356 Hermannus
493 1288 532 1352 od
552 1285 746 1370 μεθίποορον
767 1287 809 1352 ad
824 1309 862 1352 ea
884 1307 966 1372 quae
981 1289 1158 1372 sequantur
1179 1309 1244 1353 non
1258 1293 1345 1354 recte
1367 1290 1468 1355 refert
1493 1313 1577 1366 „uon
1597 1292 1774 1356 rediturum
1796 1297 1883 1380 post-

262 1395 323 1462 hac
349 1417 425 1461 cum
454 1402 596 1460 somno.“
639 1389 724 1457 Nam
752 1415 818 1458 non
844 1392 906 1457 hoc
935 1397 1025 1458 vates
1054 1391 1233 1479 significare
1261 1394 1389 1472 volunt,
1413 1395 1617 1461 simulacrum
1647 1395 1781 1483 posthac
1808 1420 1881 1462 oum

47 1489 53 1501 ”
149 1517 154 1527 '
262 1523 378 1568 somno
399 1523 462 1566 non
484 1521 551 1564 esse
573 1498 764 1574 rediturum,
787 1498 844 1563 sed
867 1497 1070 1562 simulacrum
1093 1498 1271 1564 emenibus
1293 1499 1435 1586 elapsum
1458 1501 1640 1566 discessisse
1662 1521 1724 1566 uon
1745 1502 1882 1588 posthac

12 1592 78 1660 Nan
94 1596 161 1662 deire

11 1723 43 1768 {ra
64 1708 88 1771 et
103 1703 160 1791 lies

11 1811 119 1890 Helenae,
131 1815 155 1876 ia

11 1944 19 1987 s
43 1921 154 2009 explari

10 2027 124 2112 σ’μμάῐαο.
132 2052 149 2106 ρ

10 2139 52 2215 lis,
79 2137 115 2222 qui
129 2157 147 2198 o:

10 2267 47 2314 urs
64 2243 143 2313 llud

9 2355 64 2422 oris
83 2351 140 2436 adse

9 2459 137 2531 actuata

263 1608 285 1672 i.
309 1630 336 1674 e.
360 1605 458 1681 illico,
481 1603 593 1670 eodem
625 1603 780 1689 temporis
808 1605 985 1679 momento,
1009 1625 1072 1688 quo
1102 1604 1174 1688 quis
1202 1604 1311 1670 videre
1340 1604 1400 1670 sibi
1421 1606 1510 1671 viarm
1533 1611 1593 1675 est.
1639 1605 1758 1672 Sensus
1780 1607 1882 1694 igitur

263 1711 358 1778 huius
386 1711 448 1776 loci
477 1709 528 1775 hic
557 1715 625 1774 est:
657 1708 849 1774 lnaniter
876 1707 998 1785 enim,
1031 1731 1148 1793 quum
1176 1715 1295 1796 grata
1324 1711 1418 1794 quis
1448 1715 1595 1798 putans
1623 1714 1681 1796 (sc.
1705 1733 1739 1778 se
1760 1713 1883 1802 videre)

263 1818 396 1888 videt,
431 1816 617 1902 elapsum
647 1835 665 1878 e
694 1813 877 1878 manibus
906 1814 1109 1880 discessit
1137 1815 1262 1880 visum
1286 1815 1421 1891 illico,
1453 1815 1528 1882 alis
1550 1839 1729 1902 sequens
1751 1819 1881 1883 somni

258 1923 360 1988 viae.
382 1959 429 1969 -
462 1919 526 1985 His
560 1918 679 1994 verbis,
708 1923 747 1985 ut
767 1919 883 1985 chorus
912 1919 951 1984 iis
975 1939 1056 2003 quae
1077 1924 1255 2004 sequuntur
1276 1918 1314 1984 ad
1336 1921 1392 2001 μὲν
1413 1920 1478 1984 κατ’
1502 1920 1603 1996 οἴκους
1625 1921 1671 2007 ἐφ’
1696 1920 1800 1998 ἑστίας
1820 1921 1880 2006 ἄχη

257 2027 394 2102 indicat,
419 2029 533 2090 vatum
555 2023 663 2089 linitur
684 2023 799 2090 oratio.
844 2023 894 2090 llli
916 2028 1009 2101 sunt,
1042 2025 1146 2110 inquit
1173 2023 1304 2103 chorus,
1339 2026 1371 2090 in
1399 2027 1531 2111 propria
1552 2025 1649 2091 domo
1671 2025 1814 2105 dolores;
1848 2027 1881 2092 hi

257 2115 342 2199 vero
364 2131 421 2216 qui
444 2134 618 2214 sequuntur
639 2129 700 2196 illis
724 2129 826 2196 multo
848 2131 943 2194 etiam
967 2134 1044 2196 sunt
1065 2131 1211 2197 maiores.

353 2259 383 2300 v.
407 2242 481 2302 408.
504 2234 566 2298 κατ’
588 2235 691 2310 οἴκους
712 2233 758 2321 ἐφ’
784 2231 897 2312 ἱστίας,
921 2235 1008 2320 quod
1030 2234 1102 2301 libri
1124 2237 1268 2314 tradunt,
1291 2261 1353 2302 non
1376 2240 1426 2302 est
1448 2237 1635 2302 mutandum
1659 2237 1690 2301 in
1713 2237 1882 2321 ἐφεστίους,

264 2345 306 2406 ut
323 2329 475 2428 Eogerus'
489 2339 603 2425 aliique
617 2344 813 2427 proponunt.
853 2338 1057 2426 Quamquam
1072 2342 1251 2428 Aeschylus
1266 2341 1317 2407 hio
1331 2343 1377 2407 ita
1399 2341 1537 2407 scribere
1552 2343 1659 2429 potuit
1673 2344 1707 2406 et
1722 2339 1812 2428 Sept.
1830 2349 1881 2410 73.

266 2450 363 2531 atque
389 2447 503 2533 Agam.
528 2453 603 2512 318.
631 2467 745 2512 revera
772 2445 916 2532 scripsit,
950 2446 1024 2512 inde
1052 2451 1159 2512 tamen
1188 2470 1251 2513 non
1282 2447 1442 2532 sequitur,
1476 2452 1514 2512 ut
1540 2448 1638 2512 etiam
1661 2445 1721 2512 hoc
1743 2445 1814 2512 loco
1835 2447 1883 2512 ita

266 2575 376 2619 revera
397 2553 569 2638 scripserit.
606 2551 782 2616 Librorum
805 2551 901 2616 lectio
921 2549 967 2636 ἐφ’
993 2549 1095 2628 ἑστίας
1117 2552 1410 2618 commodissimum
1432 2551 1565 2639 praebet
1587 2573 1725 2617 sensum.
1763 2551 1882 2617 ldenti-

267 2659 335 2724 dem
358 2661 449 2725 vates
470 2657 533 2721 iam
549 2655 726 2744 penetralia
741 2656 855 2722 domus
872 2657 1061 2722 Atridarum
1081 2657 1271 2734 indicarunt,
1294 2658 1391 2738 λέχος,
1417 2657 1521 2738 δόμων
1535 2657 1690 2738 ἀνάσσειν,
1712 2661 1880 2736 κολοσσῶν,

269 2763 373 2840 iaaac:
396 2785 492 2848 quam
515 2761 556 2827 ob
579 2783 647 2826 rern
670 2766 746 2847 apte
769 2761 885 2827 chorus
906 2761 970 2825 κατ’
996 2761 1098 2836 citrove
1120 2761 1165 2847 ἐφ’
1190 2764 1293 2836 ἑστίας
1314 2762 1403 2828 dicit.
1440 2763 1523 2828 Das
1546 2763 1603 2827 ist
1624 2762 1693 2826 das
1708 2762 1808 2828 Laid
1830 2763 1880 2828 im

270 2867 376 2934 Heus
399 2891 456 2932 am
479 2867 634 2943 Heerd,
663 2867 683 2932 i.
707 2889 733 2936 e.
764 2867 796 2932 hi
820 2871 895 2932 sunt
917 2867 1057 2943 dolores,
1080 2889 1161 2952 quos
1184 2867 1350 2934 Menelaus
1379 2868 1466 2932 domi
1488 2890 1566 2933 suae
1587 2866 1725 2954 perfert,
1755 2867 1881 2933 dolores

268 2973 432 3040 domestici
454 2973 554 3059 ipsius
575 2972 715 3036 Menelai
736 2993 776 3037 ex
798 2971 939 3038 Helenae
960 2971 1038 3059 fuga
1060 2972 1191 3060 accepti.

354 3102 384 3146 v.
413 3085 486 3145 409.
517 3075 581 3142 Sed
611 3077 695 3142 hisce
721 3077 860 3143 Menelai
887 3078 1021 3164 privatis
1048 3077 1211 3143 doloribus
1242 3077 1343 3142 multo
1374 3079 1475 3143 maior
1505 3081 1555 3142 est
1584 3077 1689 3144 luctus
1716 3077 1882 3142 universae

262 3182 422 3252 Graeciae
445 3182 599 3270 publicus,
622 3204 715 3268 quem
739 3205 849 3248 omnes
871 3205 911 3248 ex
932 3181 1075 3248 Helenae
1100 3183 1178 3269 fuga
1200 3181 1375 3247 hauserunt
1396 3183 1519 3269 Argivi.
1564 3182 1724 3248 Universa
1747 3179 1883 3248 Graecia

261 3291 294 3356 in
317 3289 437 3354 bellum
464 3310 524 3374 pro
551 3289 771 3375 recuperanda
799 3288 923 3354 Helena
945 3290 1129 3374 susceptum
1152 3287 1314 3377 proiecta,
1347 3288 1490 3374 singulae
1519 3288 1634 3353 domus
1662 3288 1695 3352 in
1726 3288 1881 3352 maximos

261 3394 441 3460 inciderunt
462 3393 578 3469 luctus,
602 3415 702 3479 quum
725 3415 806 3479 quos
829 3415 972 3478 quaeque
995 3394 1081 3458 misit
1104 3394 1198 3459 occisi
1219 3393 1293 3469 sint,
1316 3397 1354 3457 ut
1376 3393 1452 3458 cinis
1468 3398 1594 3458 tantum
1616 3415 1727 3460 eorum
1750 3393 1880 3459 domurn

267 3503 453 3564 revertetur.
475 3537 520 3547 -
549 3497 618 3563 τάδ’
651 3499 719 3562 lori
744 3498 894 3585 vulgatae
923 3497 1066 3564 lectionis
1095 3501 1158 3562 iam
1181 3498 1348 3574 Halmius,
1378 3499 1429 3563 cui
1452 3521 1562 3564 ornnes
1584 3498 1644 3564 hae
1665 3499 1699 3564 in
1721 3519 1756 3564 re
1777 3521 1881 3563 assen-

267 3603 392 3668 tiantur
418 3607 558 3688 oportet,
587 3604 766 3670 rectissime
793 3605 826 3671 in
856 3603 895 3668 τὰ
922 3605 1021 3668 ‹l'a'arl
1040 3605 1197 3680 correxit3
1226 3603 1398 3690 respondet
1420 3605 1503 3668 enim
1526 3603 1565 3668 rie
1587 3603 1623 3668 dl
1641 3603 1748 3670 verbis
1770 3625 1881 3669 versus

264 3707 489 3795 praecedentis
516 3706 554 3770 τὰ
581 3709 653 3789 μέν,
684 3731 767 3794 quae
795 3731 874 3775 voce
902 3707 993 3774 τόνδ’
1024 3709 1239 3796 recipiuntur,
1272 3713 1305 3774 et
1334 3707 1492 3796 signifieat
1518 3731 1556 3774 ea
1585 3731 1666 3796 quae
1693 3714 1880 3794 sequuntur.

260 3813 380 3898 Neque
402 3833 478 3878 vero
501 3811 562 3878 hoc
583 3811 620 3875 ad
643 3813 678 3877 ol
697 3814 864 3880 relativum
888 3809 947 3892 est,
972 3819 1009 3880 ut
1034 3815 1077 3880 sit
1098 3837 1226 3892 sensus,
1250 3835 1353 3899 „quae
1372 3814 1422 3880 vel
1444 3814 1493 3878 his
1515 3814 1636 3881 maiora
1656 3817 1771 3890 sunt“‚
1795 3812 1882 3899 quod

256 3917 540 4006 Naegelsbachius
562 3919 683 3996 asserit,
704 3920 758 4004 qni
780 3924 854 4006 post
875 3917 1116 4004 ὑπερβατώτερα
1138 3943 1264 3985 comma
1278 3921 1377 4007 ponit,
1398 3924 1473 4006 post
1496 3918 1530 3983 rh
1554 3925 1616 3984 πᾶν
1637 3941 1714 3985 vero
1735 3917 1762 3982 δ’
1786 3917 1881 3987 tollit.

258 4023 299 4088 ad
322 4025 381 4106 pla
394 4063 441 4074 -
457 4023 496 4088 τὰ
513 4024 551 4088 cl
564 4029 615 4090 est
628 4025 688 4090 alia
701 4065 744 4074 -
758 4026 828 4102 alia,
851 4027 918 4092 siva
937 4025 991 4090 illa
1004 4063 1049 4075 -
1062 4026 1150 4102 haec,
1174 4049 1255 4111 quae
1270 4026 1359 4092 notio
1374 4024 1493 4110 ubique
1507 4026 1539 4090 in
1555 4023 1613 4092 hac
1628 4025 1767 4091 dictione
1788 4025 1881 4090 inest.

263 4127 345 4194 Post
363 4125 610 4214 ὑπερβατώτερα
632 4129 761 4216 vulgata
783 4133 999 4219 interpunctio
1021 4131 1176 4196 servanda
1196 4137 1253 4200 est.

352 4255 381 4297 r.
401 4241 476 4300 410.
512 4233 626 4314 Quum
661 4233 731 4301 libri
764 4235 817 4321 ἀφ’
837 4232 986 4312 Ἑλλάδος
1018 4235 1090 4312 aibr
1110 4237 1296 4313 exhibeant,
1330 4237 1426 4303 lectio
1455 4235 1508 4322 ἄρ’
1525 4234 1675 4311 Ἕλλανος
1701 4234 1780 4324 (non
1809 4257 1882 4301 cum

268 4333 439 4404 Klensenio
477 4344 511 4405 et
544 4339 797 4428 Naegelsbaehio
822 4340 970 4424 Ἕλληνος
1009 4342 1225 4431 scribendum)
1258 4341 1343 4421 αἶἀς,
1386 4363 1482 4428 quam
1515 4340 1710 4429 Aeschylum
1745 4340 1882 4406 scribere

263 4440 414 4527 potuisse
433 4443 633 4512 Hermannus
655 4446 789 4523 fatetur,
813 4447 914 4534 magis
937 4468 971 4510 se
993 4448 1194 4514 commendat
1216 4470 1310 4533 quam
1333 4446 1386 4534 ἀφ’
1407 4444 1586 4522 Ἑλλανίδος
1605 4453 1671 4532 γᾶς,
1696 4446 1782 4532 quod
1802 4445 1883 4511 Her-

260 4569 403 4611 manuus
436 4552 529 4633 putat
551 4552 745 4641 Aeschylum
776 4553 838 4619 hoc
866 4552 937 4618 loco
966 4553 1137 4639 scripsisse.
1183 4553 1248 4619 Res
1279 4555 1343 4618 iam
1376 4575 1435 4640 per
1468 4575 1502 4617 se
1534 4556 1634 4638 patet.
1678 4551 1785 4617 Facile
1812 4549 1883 4616 fieri

258 4656 404 4739 poterat,
430 4658 468 4718 ut
489 4637 604 4722 librarii
625 4659 844 4747 pro‘h'llavoe
865 4659 936 4732 alba
958 4658 1134 4724 scriberent
1143 4654 1292 4732 Ἑλλάδος
1312 4657 1393 4736 cicc,
1418 4659 1606 4745 praesertim
1629 4679 1727 4742 quum
1742 4655 1883 4742 Aeschy-

259 4755 310 4821 lus
331 4759 431 4824 etiam
459 4759 551 4829 Pers.
574 4770 600 4830 2.
626 4761 746 4829 ‘mato’
771 4763 802 4840 ic
824 4759 905 4843 alus,
933 4769 1004 4831 265.
1030 4762 1073 4827 ἐπ’
1097 4760 1169 4828 oriar
1191 4765 1260 4826 allas
1277 4761 1412 4828 Ἑλλάδα
1432 4763 1539 4847 χώραν
1560 4785 1636 4828 usus
1665 4764 1718 4826 ait.
1743 4801 1788 4812 -
1814 4761 1882 4828 Pro

265 4859 416 4929 librorum
439 4865 579 4932 lectione
601 4871 805 4952 συνορμένοις,
830 4891 890 4956 pro
912 4891 976 4954 qua
996 4868 1134 4934 fortasse
1154 4867 1358 4934 escholiasta
1379 4869 1554 4934 recentiore
1575 4866 1770 4948 acropplror
1784 4867 1883 4934 scribi

265 4969 381 5052 potest,
404 4969 595 5056 οονόρμονον
615 4975 737 5061 scripsi,
760 4979 799 5040 ut
820 4975 863 5040 sit
886 4973 922 5039 τὸ
947 4981 1009 5038 πᾶν
1114 4973 1300 5060 σοκόρμονον
1321 4976 1525 5042 accusativus
1546 4971 1724 5039 absolutus.
1767 4971 1804 5036 ad
1821 4979 1885 5038 πᾶν

1652 5087 1671 5146 3
