4554 5612
872 419 1291 476 —-—-9——-

272 646 365 719 enim‚
388 665 508 728 „quum
517 638 595 724 ’Ἀρη
611 649 696 704 πνει”ν
718 639 760 705 da
774 639 923 704 Troianis
943 640 1066 725 inepte,
1087 637 1168 722 με’γα
1194 649 1279 704 πνεῖν
1300 639 1519 726 superbire
1540 644 1617 728 apte
1638 641 1782 720 dicatur,
1803 645 1891 708 recte

273 749 399 816 videtur
413 745 509 831 Ἄρης
530 744 729 812 Fritaschius
751 745 961 811 correxisse.“
1005 745 1052 810 nt
1073 744 1213 830 primum
1236 745 1365 810 omnino
1386 769 1450 812 non
1473 747 1622 836 concedo,
1644 746 1705 812 boc
1727 746 1797 816 loeo
1819 769 1891 834 pro

269 856 337 943 prie
365 859 398 920 et
426 852 615 918 nominatim
646 852 687 916 de
708 849 856 916 Troianis
887 871 1067 916 sermonem
1098 871 1174 918 esse.
1222 847 1351 916 Chorus
1382 851 1527 936 quamvis
1549 850 1706 917 Troianos
1729 851 1887 938 respiciat,

267 967 377 1026 tamen
399 958 631 1046 generatimst
653 956 798 1022 universe
820 955 860 1020 de
883 954 1101 1040 quorumlibet
1121 955 1294 1042 impiorum
1316 977 1420 1041 poena
1441 955 1601 1040 loquitur,
1624 957 1712 1041 quod
1735 960 1830 1022 etex
1852 957 1891 1021 iis

268 1089 351 1153 quae
371 1063 569 1153 praecedunt
591 1067 625 1128 et
645 1064 822 1147 sequuntur
843 1057 936 1126 facile
959 1049 1156 1147 intelligitur.
1193 1057 1320 1126 Deinde
1341 1082 1492 1126 concesso
1513 1061 1598 1146 quod
1621 1083 1714 1148 nego,
1737 1061 1799 1128 boc
1819 1062 1890 1128 loco

271 1275 381 1359 μιόζον1
406 1273 425 1357 ἢ
450 1275 573 1347 όιιιοόως
593 1271 756 1358 aptissime
778 1273 811 1336 et
833 1271 996 1336 verissime
1018 1270 1059 1334 de
1078 1269 1227 1335 Troianis
1249 1271 1377 1336 dicitur.
1414 1270 1498 1336 Nam
1520 1293 1632 1336 revera
1652 1272 1783 1338 Troiani
1803 1273 1891 1338 Mar-

273 1387 340 1448 tem
369 1381 455 1445 iusto
482 1379 633 1444 maiorem
663 1375 846 1466 spirabant,
869 1398 968 1461 quum
996 1374 1177 1442 reddendae
1198 1374 1342 1442 Helenae
1369 1374 1486 1442 bellum
1509 1381 1630 1442 temere
1650 1380 1890 1464 anteponerent,

275 1487 441 1553 domorum
464 1483 578 1571 opibus
605 1482 836 1570 copiosissimis
856 1480 977 1548 conlisi.
1893 1503 1895 1508 ¹

359 1592 412 1658 Ad
427 1590 578 1674 πίφιιντιιι
593 1615 621 1653 ιι.
634 1613 660 1652 τ.
672 1593 698 1654 λ.
714 1586 958 1674 intelligendum
974 1607 1044 1652 esse
1059 1584 1237 1651 membrum
1252 1586 1340 1672 quod
1355 1587 1526 1674 praecedat
1548 1587 1644 1662 θεοὺς
1664 1593 1789 1671 βροτῶν
1800 1641 1890 1658 .....

276 1705 409 1774 ποιοῖτο,
434 1694 598 1760 verissima
620 1693 808 1760 Wunderus
831 1696 948 1770 monet,
972 1713 1044 1757 cum
1067 1714 1131 1776 quo
1153 1691 1423 1778 Naegelsbachius
1441 1693 1609 1760 consentit.
1656 1690 1711 1758 Ob
1733 1715 1802 1758 earn
1821 1715 1889 1760 rem

274 1800 490 1866 audacissimis
520 1799 712 1864 coniecturis
741 1796 782 1864 ab
810 1796 1040 1884 interpretibus
1069 1796 1180 1872 factis,
1213 1801 1251 1861 ut
1281 1797 1486 1864 difficultates
1515 1797 1670 1863 tollantur
1692 1820 1771 1883 quas
1792 1799 1891 1866 verba

271 1905 449 1990 δ’ὶκγόνονς
479 1902 664 1987 ότολμήτων
694 1904 807 1970 afferre
841 1903 1007 1980 videntur,
1039 1902 1168 1969 minime
1195 1923 1277 1990 opus
1306 1907 1365 1969 est.
1416 1904 1508 1970 Libri
1537 1901 1689 1969 exhibent
1716 1902 1891 1987 d'lyydrovc

272 2008 457 2092 ἀτολμήτων
484 2007 530 2096 (in
551 2007 649 2074 Fara.
679 2010 722 2075 ad
748 2009 837 2096 prius
866 2034 884 2092 γ
911 2013 962 2073 est
989 2033 1007 2072 π
1035 2029 1133 2094 supra
1163 2007 1384 2098 adscriptum).
1430 2009 1665 2096 Bambergerus
1687 2011 1775 2074 recte
1797 2006 1891 2073 droi-

270 2114 379 2198 μήτιις
408 2115 564 2192 correxit3
594 2113 677 2180 adde
706 2114 959 2180 emendationem
988 2110 1138 2196 ἐγγόνοις,
1163 2116 1198 2178 st
1224 2113 1311 2178 nulla
1332 2113 1394 2179 alia
1416 2116 1599 2181 coniectura
1621 2113 1695 2179 huin
1717 2113 1789 2180 loon
1809 2135 1891 2200 opus

273 2221 345 2286 crit.
390 2219 474 2286 Nam
490 2216 622 2304 ἐγγόνοις
640 2220 672 2284 in
695 2218 828 2302 ἐκγόνοις
844 2223 986 2284 mutetur
1000 2239 1127 2284 necesse
1141 2241 1205 2284 non
1220 2223 1280 2294 est,
1304 2241 1403 2304 quum
1419 2217 1541 2302 ἔγγονος
1554 2220 1639 2284 idem
1653 2219 1721 2284 fere
1735 2219 1891 2306 significet

273 2323 362 2410 quod
381 2324 510 2408 ἔκγονος.
555 2323 675 2391 Sensus
698 2325 798 2410 igitur
820 2322 895 2389 huic
916 2323 987 2389 loco
1011 2324 1148 2388 maxime
1170 2324 1359 2390 conveniens
1382 2328 1431 2390 est
1452 2324 1522 2390 bic:
1552 2325 1662 2391 Deos
1685 2324 1890 2390 hominum

272 2431 488 2518 impiorum
516 2429 709 2495 facinora
735 2450 881 2494 curare
912 2431 1084 2516 apparet
1116 2426 1310 2516 (accuratius
1339 2429 1552 2517 apparuit,
1587 2430 1643 2495 sed
1672 2430 1825 2516 πόφιιντοι
1852 2455 1887 2488 .-.·

273 2532 406 2621 φανερόν
427 2534 505 2623 ἔστι)
533 2537 643 2600 natis
670 2556 809 2600 eorum
839 2535 909 2620 qni
937 2534 1051 2599 modo
1073 2555 1150 2600 non
1181 2535 1369 2600 audendo
1390 2535 1566 2602 Martem
1589 2535 1753 2621 spirant
1774 2535 1891 2600 iusto

273 2641 461 2706 maiorem
482 2638 606 2728 (μείζον’
631 2662 703 2705 cnm
726 2639 915 2705 Hermanno
935 2639 1042 2726 legere
1072 2640 1174 2727 magis
1195 2639 1302 2727 placet
1329 2663 1424 2726 quam
1446 2663 1519 2706 cum
1541 2640 1673 2728 vulgata
1691 2641 1795 2720 μεῖζον
1816 2641 1837 2704 i.
1861 2661 1889 2704 e.

273 2747 359 2812 insto
381 2745 504 2833 magis).
550 2745 642 2811 Haec
663 2749 714 2810 est
736 2747 894 2811 sententia
916 2745 1045 2810 omnino
1068 2745 1226 2832 generalia
1255 2750 1288 2812 et
1305 2747 1472 2824 universa,
1497 2768 1592 2832 quac,
1615 2745 1760 2832 quamvis
1780 2744 1891 2810 Troia

273 2873 330 2916 nos
352 2873 422 2916 eam
446 2851 602 2937 respicere
623 2871 686 2916 non
710 2852 753 2916 sit
774 2851 966 2938 negandum,
989 2859 1098 2916 tamen
1119 2850 1170 2915 vel
1190 2851 1232 2915 ad
1251 2851 1392 2938 Argivos
1414 2853 1501 2939 ipsos
1523 2855 1658 2939 spectat,
1680 2873 1779 2936 quum
1801 2854 1836 2916 et
1857 2850 1892 2916 bi

273 2956 416 3023 Martem
438 2957 525 3020 insto
549 2956 699 3021 maiorem
722 2957 884 3044 spirarent
905 2959 1039 3043 propter
1054 2955 1218 3021 mulierem
1234 2955 1351 3023 bellum
1373 2958 1605 3024 atrocissimum
1628 2957 1846 3044 suscipientes.

360 3059 468 3127 Causa
489 3081 575 3138 vero,
599 3083 697 3146 quare
718 3062 871 3126 maiorem
892 3061 979 3125 iusto
1000 3059 1142 3126 Martem
1163 3063 1295 3148 spirant.
1318 3067 1394 3128 sunt
1415 3062 1547 3128 divitiae
1562 3061 1677 3147 quibus
1700 3063 1890 3149 spirantium

270 3167 386 3232 domus
417 3163 593 3232 abundant.
638 3165 700 3232 His
733 3167 853 3233 divitiis
885 3166 995 3232 conlisi
1029 3166 1179 3253 superbia
1212 3166 1403 3233 intolerabili
1435 3170 1589 3245 utuntnr3
1629 3189 1725 3252 quam
1754 3166 1795 3233 ob
1821 3189 1890 3232 rem

270 3270 428 3356 φλεόντων
449 3269 603 3353 όωμότων
624 3272 782 3358 genitivus
797 3271 964 3339 absolutus
986 3294 1050 3337 non
1072 3276 1122 3337 est
1144 3273 1330 3360 temporalis
1345 3273 1545 3338 antecedenti
1559 3273 1702 3359 genitivo
1717 3271 1890 3348 subiectus,

270 3381 306 3442 ut
327 3375 580 3463 Naegelsbaehiu
603 3376 720 3464 placet,
742 3376 799 3442 sed
821 3376 956 3442 causalis
979 3377 1193 3464 explicandus.
1235 3377 1301 3444 Sed
1315 3378 1492 3444 Hermanni
1508 3379 1717 3444 mutationem
1736 3376 1891 3462 φλεόντων

273 3480 422 3560 δωμάτων
442 3477 596 3568 ὖτιίρφετι·
619 3479 694 3568 ὅπερ
710 3479 745 3546 τὸ
767 3482 937 3564 βέλτιστον,
961 3505 1056 3567 quam
1072 3483 1220 3570 Engerus
1235 3482 1299 3572 (ed.
1322 3485 1377 3551 mi.
1393 3488 1426 3549 et
1441 3482 1518 3572 ma)
1533 3481 1658 3570 probat,
1681 3482 1890 3570 comprobare

274 3605 337 3648 non
359 3607 505 3670 possum3
528 3589 684 3653 servanda
705 3587 781 3652 mihi
802 3587 930 3653 videtur
951 3587 1105 3654 librorum
1128 3589 1223 3656 lectio
1253 3586 1391 3674 ὖπόρφιο
1418 3585 1496 3671 ὑπὲρ
1520 3586 1554 3652 τό
1576 3587 1748 3670 βέλτιστον.
1805 3587 1889 3654 Nam

273 3687 350 3772 qnid
372 3687 433 3754 sibi
454 3690 530 3755 velit
551 3691 624 3776 ὅπερ
647 3692 683 3756 τὸ
705 3693 888 3772 dilaceror?
930 3692 1142 3760 Esententia
1163 3694 1343 3760 Hermanni
1373 3693 1488 3759 chorus
1519 3694 1615 3772 dicit,
1638 3694 1769 3760 domum
1795 3694 1889 3758 nimis

271 3793 458 3859 affluentem
487 3817 555 3860 esse
584 3798 892 3883 praestantissimum
922 3798 976 3886 (cf.
1005 3799 1126 3886 Enger.
1167 3799 1218 3864 ed.
1251 3801 1305 3864 mi.
1338 3797 1434 3881 ,,όπιρ
1468 3799 1563 3864 ueml.
1592 3799 1693 3885 φλόειν
1714 3796 1890 3886 ιλόμιιτιι“).

268 3900 426 3964 Attamen
450 3921 520 3964 eam
542 3899 630 3966 chori
651 3905 841 3968 sententiam
862 3925 926 3968 non
948 3903 1056 3982 fuisse,
1080 3927 1118 3970 ex
1134 3906 1173 3970 iis
1189 3927 1270 3991 quae
1285 3908 1462 3989 sequuntur
1483 3903 1575 3970 facile
1595 3908 1645 3970 est
1660 3904 1702 3969 ad
1717 3903 1890 3991 intelligen-

269 4003 356 4070 dum.
402 4005 720 4072 Praestantissimum
743 4013 793 4073 est
823 4031 884 4096 pro
914 4010 982 4074 eius
1004 4010 1101 4075 animi
1123 4009 1290 4076 voluntate
1319 4013 1446 4074 tantum
1468 4011 1630 4098 integrum
1653 4009 1772 4076 habere
1794 4032 1890 4095 quan-

269 4113 337 4174 tnm
360 4111 439 4176 satis
461 4114 512 4175 est
534 4131 632 4176 sanae
654 4113 761 4190 menti,
784 4113 863 4178 ἔστιν
878 4112 1091 4199 δ’ἆπήμιτντον
1114 4113 1183 4179 ὅστ’
1202 4114 1349 4199 ἀπαρκεῖν
1364 4108 1398 4179 ed
1414 4117 1575 4195 πραπίδων
1595 4113 1740 4198 λαχόντα.
1763 4115 1890 4180 Domus

273 4213 363 4278 nimis
388 4213 521 4280 affluens
552 4215 799 4302 haudquaquam
828 4205 948 4285 bonum
981 4224 1031 4285 est
1064 4221 1383 4307 praestantissimum.
1430 4217 1809 4306 Quaecunque'modum
1839 4242 1891 4285 ex-

274 4317 399 4395 cedunt,
419 4343 482 4386 non
505 4321 602 4388 modo
624 4343 688 4386 non
711 4327 787 4387 sunt
808 4324 940 4410 optime,
964 4325 1018 4390 sed
1042 4348 1083 4391 ne
1105 4324 1189 4392 bona
1211 4327 1347 4413 quidem.
1393 4326 1503 4405 „Bene
1524 4329 1575 4391 est
1597 4327 1649 4392 cui
1671 4327 1750 4391 deus
1772 4323 1890 4391 obtulit

273 4443 370 4508 parea
391 4425 476 4505 quod
497 4428 576 4492 satis
591 4429 642 4493 est
657 4437 786 4496 manu.“
829 4429 948 4494 Horat.
974 4429 1038 4500 Od.
1062 4431 1124 4496 lll.
1151 4439 1199 4500 16.
1224 4437 1311 4517 φλιΐν
1330 4433 1394 4496 iam
1418 4430 1576 4518 significat
1598 4431 1770 4508 abundare,
1792 4427 1890 4512 ὑπόρ-

269 4551 329 4610 φιω
352 4549 429 4592 τοτο
451 4551 545 4616 supra
566 4533 707 4605 modum.
752 4533 875 4600 Vocem
897 4531 1033 4621 όπόρφευ
1054 4538 1291 4624 vituperatione
1311 4561 1376 4603 non
1391 4557 1459 4602 esse
1473 4559 1618 4616 vacuam,
1641 4539 1727 4625 quod
1741 4537 1889 4622 Engerus

266 4630 333 4720 (ed.
358 4631 429 4722 mi.)
451 4635 571 4714 asserit,
593 4639 656 4703 iam
679 4663 720 4708 ex
742 4639 832 4708 Pers.
856 4647 931 4707 822.
968 4637 1010 4716 ὦς
1031 4641 1090 4724 οὐχ
1111 4639 1248 4729 ὖπόρφεν
1270 4641 1389 4725 θνητὸν
1414 4641 1490 4706 ὄντα
1508 4643 1571 4726 χρὴ
1595 4653 1719 4728 φρονεῖν
1740 4642 1817 4706 satis
1839 4661 1889 4705 su·

269 4759 390 4823 perque
417 4737 585 4826 probatur.
628 4743 738 4810 Etiam
768 4747 997 4812 sententiarum
1025 4751 1196 4813 contextus
1222 4747 1365 4834 flagitat,
1393 4752 1432 4814 ut
1458 4749 1491 4813 in
1518 4744 1656 4834 όπόρφευ
1685 4745 1889 4835 reprehensio

271 4843 425 4924 quaedam
448 4845 535 4914 insit.
581 4845 663 4912 Nam
691 4850 776 4916 unda
806 4853 931 4938 spirant
952 4852 1096 4918 Martem
1126 4853 1213 4919 iusto
1236 4854 1387 4919 maiorem
1410 4854 1471 4919 nisi
1497 4853 1583 4938 quod
1605 4853 1699 4918 nimis
1722 4851 1889 4918 affluentes

270 4951 345 5012 sunt
367 4949 503 5016 domus?
555 4950 681 5020 Nimiae
702 4957 786 5021 enim
808 4979 886 5044 opes
907 4959 1039 5044 pariunt
1061 4959 1252 5045 superbiam,
1276 4981 1315 5024 ex
1338 4981 1402 5045 qua
1416 4958 1587 5025 temeraria
1600 4957 1890 5025 audaciaMartem

1661 5071 1679 5129 2
