4554 5612
996 426 1150 436 -.-
1196 395 1215 452 3
1262 425 1415 432 ψῃ.-

397 615 550 699 loquitur,
573 614 633 682 hoc
655 614 727 679 loco
749 617 839 680 totas
863 616 912 680 est
934 615 966 680 in
988 637 1112 680 summa
1143 616 1228 680 lovis
1251 617 1397 702 potentia
1418 616 1638 702 praedicanda.
1676 616 1770 682 Paris
1793 617 1920 701 quidem
1947 617 2017 702 ipse

398 727 447 786 est
470 724 583 786 auctor
605 741 725 805 poenae
748 743 842 804 quam
865 743 949 786 nunc
971 720 1049 797 luit,
1073 721 1129 786 sed
1158 743 1294 808 poenam
1325 721 1365 786 de
1388 721 1505 786 Paride
1528 723 1627 787 sumit
1649 720 1760 788 violati
1781 721 1913 808 hospitii
1942 723 2015 808 lup-

397 828 482 912 piter
504 823 687 912 hospitalis,
711 825 765 909 qui
794 826 928 912 impium
955 823 1077 891 facinus
1104 826 1240 890 inultum
1270 847 1338 890 esse
1365 828 1581 912 conpatitur.
1605 865 1649 874 —
1677 826 1750 891 Hac
1771 827 1895 892 ratione
1917 827 2013 892 etiam

397 931 492 996 huius
520 933 617 1015 atque
645 931 782 1016 proximi
812 953 922 996 versus
951 931 1127 996 sententiae
1158 933 1279 1017 optime
1304 931 1484 1000 cohaerent.
1530 931 1612 998 Nam
1637 954 1734 1016 quum
1765 933 1911 1018 luppiter
1932 933 2017 998 sicut

397 1037 514 1101 statuit
535 1035 713 1122 perfecerit,
736 1039 870 1122 apparet
892 1035 963 1101 illos
985 1057 1133 1123 perverse
1158 1036 1299 1101 iudicare
1321 1037 1376 1121 qui
1398 1041 1514 1123 putent
1536 1039 1613 1103 deos
1635 1038 1798 1104 hominum
1821 1037 2014 1102 nefariorum

396 1141 538 1208 facinora
570 1141 646 1206 nihil
679 1163 807 1217 curare3
840 1141 873 1204 id
907 1141 990 1206 enim
1024 1140 1110 1206 solus
1143 1141 1259 1228 impias
1293 1144 1485 1208 contendere
1517 1147 1634 1228 potest.
1665 1181 1709 1190 —
1746 1142 1893 1227 Denique
1926 1141 2013 1226 quod

398 1246 548 1332 Engerus
571 1246 611 1311 de
632 1245 792 1311 locutione
815 1267 855 1310 ex
876 1269 972 1311 arena
994 1251 1101 1312 sumta
1123 1246 1262 1324 disserit,
1284 1251 1371 1312 recte
1391 1249 1519 1332 quidem
1542 1271 1576 1314 se
1598 1247 1711 1324 lrabet3
1735 1253 1769 1312 at
1791 1249 1919 1313 minime
1940 1248 2015 1314 iude

397 1352 551 1430 efficitur,
581 1352 678 1416 etiam
706 1351 766 1415 hoc
795 1350 865 1416 loco
894 1353 941 1416 ita
971 1373 1039 1418 esse
1067 1353 1271 1426 mutandum,
1302 1357 1340 1418 ut
1362 1351 1416 1418 illa
1442 1352 1561 1418 locutio
1583 1353 1677 1429 insit,
1701 1355 1891 1439 praesertim
1914 1377 2012 1439 quum

396 1456 550 1522 librorum
573 1456 705 1542 vulgata
727 1456 821 1521 lectio
844 1478 970 1522 sensum
994 1457 1146 1544 praebeat
1169 1459 1379 1544 aptissimum.

482 1585 513 1627 v.
538 1567 611 1628 354.
641 1561 846 1627 Hermaunus
880 1567 1030 1628 annotat:
1063 1563 1262 1649 „Diagoram
1284 1563 1418 1628 Melium
1453 1563 1502 1629 his
1534 1561 1639 1629 verbis
1669 1547 1759 1650 tangi
1788 1573 1878 1628 ratus
1907 1564 2012 1629 Blom-

396 1667 521 1732 lieldius
533 1717 622 1736 .....
652 1667 737 1732 Eum
769 1673 807 1732 ut
829 1669 1006 1754 respexerit
1027 1667 1205 1753 Aeschylus
1236 1674 1321 1734 certe
1348 1673 1520 1756 propterea
1542 1667 1683 1754 captavit
1706 1669 1801 1734 istam
1824 1669 2012 1756 ambiguitas

396 1778 473 1849 tem,
497 1773 572 1857 qnia
593 1771 643 1837 hic
666 1774 796 1859 proprie
817 1796 880 1838 non
896 1773 1074 1860 Diagoram
1098 1774 1155 1838 sed
1177 1773 1342 1840 Priamum
1365 1773 1501 1860 intelligi
1523 1773 1682 1839 volebat.“
1719 1772 1785 1839 Suo
1807 1775 1877 1840 iure
1898 1775 2014 1844 abhas

397 1879 573 1944 Hermanni
614 1877 824 1963 explicatione
857 1879 1059 1966 Hartucgius
1099 1879 1256 1944 dissentit.
1301 1880 1466 1945 Priamum
1504 1880 1587 1944 enim
1627 1879 1687 1944 hoc
1727 1878 1797 1944 loco
1837 1883 2012 1946 certissime

396 1983 573 2068 Aeschylus
606 2004 669 2047 non
702 1982 773 2048 vult
806 1983 941 2070 intelligi
974 1983 1027 2065 (cf.
1057 1985 1251 2070 Hartang.);
1286 1985 1372 2070 quod
1406 1989 1515 2050 tamea
1548 2005 1611 2049 non
1646 1983 1808 2070 prohibet,
1842 1987 2011 2072 quominus

397 2089 526 2154 atheum
549 2088 707 2172 quendam
730 2088 779 2152 sui
802 2091 955 2175 temporis
971 2089 1150 2176 Aeschylus
1173 2090 1222 2156 his
1245 2090 1349 2156 verbis
1372 2089 1578 2176 perstringat,
1601 2090 1697 2174 idque
1713 2091 1852 2156 indicare
1873 2092 2010 2167 videtur,

396 2193 484 2278 quod
505 2193 683 2279 Aeschylus
706 2193 797 2258 addit
820 2188 836 2256 ci
860 2193 951 2258 δὀὐκ
972 2193 1110 2277 εὐσεβής,
1136 2195 1251 2280 quibus
1273 2196 1377 2261 verbis
1400 2218 1463 2260 non
1485 2195 1568 2260 hunc
1590 2195 1679 2260 illum
1702 2195 1756 2260 sed
1780 2200 1901 2260 certum
1918 2219 2011 2282 quen·

397 2300 470 2365 dam
499 2298 630 2364 innuere
660 2300 794 2364 videtur.
840 2299 1036 2384 Aeschylus,
1070 2298 1165 2366 homo
1193 2301 1465 2386 religiosissimus,
1499 2299 1651 2387 reprobat
1681 2301 1810 2388 impiam
1839 2302 2010 2388 impiorum

396 2403 593 2489 opinionem,
621 2404 698 2470 deos
725 2425 776 2470 res
806 2404 959 2470 humanas
986 2405 1064 2470 nihil
1093 2427 1220 2482 curare,
1251 2406 1408 2492 imprimis
1437 2427 1514 2472 vero
1541 2429 1652 2472 eorum
1676 2407 1729 2492 qui
1751 2411 1910 2482 asserant,
1934 2407 2012 2472 deos

396 2509 473 2574 nihil
499 2531 611 2574 curare
640 2509 783 2575 homines
813 2511 927 2596 impios
957 2514 1053 2594 atque
1083 2509 1264 2597 improbos,
1299 2512 1353 2596 qui
1382 2533 1474 2576 sacra
1504 2511 1700 2597 profanaque
1727 2511 1896 2587 misceant;
1930 2511 2012 2577 hanc

396 2615 576 2702 opinionem
599 2615 798 2700 apertissime
821 2617 909 2680 exitu
932 2614 1004 2680 belli
1027 2616 1157 2682 Troiani
1180 2623 1217 2682 ut
1238 2616 1350 2682 falsam
1384 2617 1528 2682 refutari.
1574 2617 1805 2682 Verumtamen
1833 2615 2014 2702 Aeschylus

395 2720 549 2785 hocloco
571 2743 634 2785 aon
658 2721 759 2785 solum
782 2721 941 2786 Troianos
963 2721 1107 2807 respicit,
1132 2723 1241 2788 sedin
1263 2723 1446 2788 universum
1476 2723 1515 2788 de
1536 2723 1709 2808 impiorum
1731 2743 1834 2808 poena
1855 2721 2011 2808 disputat,
2090 2793 2099 2808 .

396 2849 493 2910 qaam
515 2826 764 2912 disputationem
788 2847 845 2912 per
868 2830 970 2892 totam
991 2826 1059 2892 fere
1081 2826 1246 2913 stropham
1270 2831 1304 2892 ct
1326 2828 1560 2914 antistropham
1585 2827 1626 2892 ad
1648 2851 1676 2894 v.
1702 2834 1775 2892 382.
1798 2828 2010 2913 persequitur,

396 2953 460 3016 quo
484 2953 576 2996 versu
597 2931 776 3016 generalem
799 2953 894 3016 quam
917 2934 1101 3019 exposuerit
1124 2934 1314 2997 sententiam
1337 2933 1379 2998 ad
1395 2932 1551 2998 Troianos
1574 2937 1719 3020 spectare
1733 2933 1849 2998 chorus
1871 2933 2013 2998 declarat

395 3036 501 3105 verbis
523 3032 588 3109 οἷος
606 3037 654 3098 sal
678 3033 783 3118 Πάρις
804 3065 831 3100 κ.
856 3062 881 3100 τ.
904 3042 931 3101 l.
978 3034 1181 3122 Quamquam
1197 3037 1290 3104 Paris
1314 3038 1401 3102 haud
1424 3037 1520 3104 dubie
1541 3039 1604 3103 iam
1627 3061 1704 3104 voce
1727 3040 1772 3112 τὶς
1793 3061 1823 3103 v.
1847 3045 1910 3102 354
1934 3037 2010 3102 indi-

396 3145 498 3208 catur.
543 3140 635 3206 Paris
665 3141 871 3227 opinabatur,
895 3143 1026 3229 impium
1050 3143 1181 3229 impune
1207 3143 1303 3229 impie
1330 3165 1424 3230 agere
1452 3165 1567 3229 posse,
1601 3144 1678 3209 deos
1707 3143 1902 3229 impietatem
1934 3141 2011 3206 nihil

397 3269 524 3323 curare3
547 3247 683 3311 maiores
706 3247 789 3312 enim
814 3269 999 3332 essequam
1024 3253 1060 3314 ut
1083 3271 1142 3314 sua
1164 3249 1334 3314 interesset
1356 3249 1432 3332 quid
1450 3248 1632 3314 homunculi
1648 3251 1798 3335 agerentz
1825 3247 1881 3313 sed
1895 3247 2009 3312 falsam

396 3373 464 3418 esse
494 3350 574 3416 hanc
604 3352 783 3436 opinionem
814 3352 941 3416 iamiam
972 3354 1148 3420 miserrimo
1178 3354 1251 3420 belli
1281 3359 1396 3421 eventu
1418 3359 1570 3440 expertus
1599 3358 1650 3420 est
1671 3355 1740 3438 ipse
1762 3351 1794 3440 (e
1816 3353 1904 3417 chori
1926 3353 2009 3418 enim

395 3457 553 3522 sententia
573 3456 666 3521 Paris
689 3456 730 3520 ad
750 3457 867 3522 Troiae
890 3460 1157 3544 expugnationem
1184 3449 1313 3526 vixisse
1330 3459 1480 3547 videtur).
1527 3458 1655 3526 Chorus
1678 3481 1754 3524 vero
1781 3457 1862 3524 hane
1883 3457 2012 3525 Paridis

395 3563 575 3650 opinionem
598 3565 714 3626 eventu
737 3561 811 3627 belli
833 3562 945 3628 falsam
964 3566 1125 3630 exstitisse
1141 3571 1285 3630 extrema
1300 3565 1519 3651 antistrophae
1541 3569 1633 3651 parta
1649 3586 1712 3628 non
1728 3562 1856 3628 uberius
1872 3564 2010 3640 disserit,

395 3689 494 3752 quum
518 3669 579 3732 iam
602 3668 640 3732 iis
663 3689 743 3752 qnae
766 3669 960 3754 praecedunt
983 3671 1059 3736 satis
1082 3671 1253 3735 vindictam
1284 3692 1365 3755 quae
1393 3670 1509 3756 impios
1532 3672 1660 3734 maneat
1682 3669 1866 3754 exposuerit
1888 3673 1920 3734 ct
1939 3669 2009 3755 ipso

394 3773 485 3838 initio
507 3771 656 3858 strophae
678 3777 774 3856 atque
804 3776 966 3860 prooemio
992 3775 1139 3840 carminis
1161 3775 1373 3840 Troianorum
1405 3775 1613 3839 miserrimam
1642 3777 1760 3838 sortem
1785 3775 2012 3840 monstraverit

394 3877 488 3962 (Διὸς
508 3876 628 3960 πλαγὰν
646 3903 674 3940 κ.
697 3903 724 3945 ν.
741 3884 768 3942 λ.
791 3913 834 3924 -
857 3871 881 3942 al
905 3883 968 3942 Ζεῦ
990 3885 1117 3958 βασιλεῦ
1139 3908 1165 3944 ν.
1189 3905 1213 3942 τ.
1233 3878 1282 3964 h).
1328 3879 1485 3945 Troianos
1514 3880 1702 3966 gravissima
1730 3901 1834 3966 poena
1865 3879 2011 3966 luppiter

394 3982 559 4069 hospitalis
588 3981 703 4048 afflixit
732 3981 774 4070 (v.
799 3982 1009 4070 ssa-354.)
1038 3990 1171 4071 propter
1193 3984 1320 4050 Paridis
1349 3986 1560 4071 impietatem,
1597 3986 1651 4070 qui
1681 3986 1789 4050 lovem
1819 3983 2007 4069 hospitalem

394 4087 537 4174 neglexit
559 4087 796 4173 hospitiumque
819 4087 948 4153 violavit
968 4091 1010 4172 (v.
1035 4093 1254 4175 sss-385.)
1299 4091 1338 4156 ln
1368 4091 1472 4158 medio
1495 4091 1608 4156 harum
1631 4090 1859 4156 sententiarum
1882 4089 2010 4176 (iudea

392 4218 424 4260 v.
449 4198 522 4259 355.
546 4190 587 4257 ad
608 4216 637 4257 v.
662 4192 750 4280 381.)
780 4192 991 4278 pulcherrime
1020 4216 1038 4258 a
1068 4201 1164 4280 poeta
1193 4197 1348 4262 collocata
1376 4201 1427 4262 est
1456 4197 1496 4262 dc
1517 4197 1688 4282 impiorum
1711 4217 1813 4281 poena
1833 4195 2010 4280 disputatio

394 4299 572 4386 generatim
593 4297 751 4363 instituta.
789 4296 854 4366 Sed
877 4299 997 4363 multae
1020 4321 1215 4385 magnaeque
1237 4300 1442 4366 difficultates
1458 4303 1489 4366 in
1504 4301 1564 4366 hcc
1579 4300 1793 4387 disputatione
1809 4299 2009 4366 oboriuntur.

481 4427 509 4470 v.
535 4409 597 4469 358
622 4424 690 4486 sqq.
712 4404 862 4488 πέφανται
884 4429 911 4469 κ.
935 4429 963 4469 τ.
986 4411 1013 4468 λ.
1035 4405 1208 4470 Librorum
1238 4405 1331 4470 lectio
1355 4408 1490 4472 maxime
1513 4412 1665 4492 corrupta
1686 4428 1723 4470 ac
1745 4406 1918 4492 depravata
1939 4427 2008 4470 esse

394 4510 537 4584 videtum
562 4529 625 4592 qua
647 4508 687 4572 de
709 4529 804 4572 cansa
826 4509 1017 4596 interpretes
1044 4507 1111 4574 fere
1142 4531 1250 4574 omnes
1278 4512 1415 4576 maxime
1437 4513 1521 4578 inter
1550 4534 1584 4576 se
1606 4511 1823 4597 discrepantes
1844 4534 1904 4578 sua
1925 4510 2006 4594 quis-

394 4635 456 4700 que
477 4614 601 4679 ratione
624 4612 812 4679 emendandi
834 4614 928 4679 huius
950 4614 1011 4680 loci
1032 4614 1172 4700 pericula
1199 4615 1361 4692 fecerunt,
1385 4639 1521 4702 quorum
1551 4615 1689 4703 plurima
1717 4617 1844 4701 quidem
1866 4616 1921 4682 sed
1942 4635 2006 4678 non

394 4720 501 4786 omnia
523 4717 670 4806 Engerus
691 4717 755 4803 (ed.
772 4721 847 4803 ma.)
869 4720 971 4786 affert.
1009 4721 1082 4806 lpse
1106 4721 1166 4803 (ed.
1185 4727 1259 4804 ma.)
1282 4745 1354 4789 cum
1370 4721 1547 4788 Fritzschio
1571 4721 1704 4804 ἐκγόνοις
1723 4719 2008 4805 ἀτολμήτωνἍρης

393 4826 522 4912 recepit,
546 4847 643 4910 quam
659 4826 691 4890 in
707 4825 846 4890 editione
865 4826 984 4892 minore
999 4826 1216 4914 Hartungium
1233 4831 1361 4892 secutas
1384 4827 1540 4892 ἐκτίνουσιν
1563 4826 1663 4908 τόλμα
1686 4826 1833 4907 naviter]
1856 4826 2010 4890 nastrum

393 4931 584 5016 recepisset3
606 4953 679 4996 cum
690 4929 878 4996 Hermanno
893 4937 1002 4998 autem
1017 4927 1170 5018 ὑπέρφευ·
1186 4927 1260 5016 ὅπερ
1274 4930 1308 4995 τὸ
1319 4933 1480 5012 βέλτιστον
1490 4931 1553 5019 (ed.
1566 4954 1625 4996 ma.
1640 4935 1673 4998 et
1685 4931 1753 5019 mi.)
1768 4930 1854 5016 legit.
1877 4930 2009 5018 Engero
