4554 5612
985 422 1259 479 ,......,4.
1369 457 1402 460 ..

385 645 532 732 Namque
554 649 680 711 noctem
704 647 831 732 quidem
854 645 970 712 chorus
993 641 1150 732 appellat3
1181 643 1355 730 appellatio
1377 667 1454 708 vero
1476 644 1606 730 proprie
1628 665 1690 708 non
1715 643 1757 708 ad
1778 645 1922 718 noctem,
1945 641 2003 706 sed

385 751 426 816 ad
456 752 564 816 lovem
593 755 735 838 spectat,
764 774 859 836 quem
890 751 963 816 inde
993 750 1034 816 ab
1061 750 1152 814 initio
1182 749 1329 814 carminis
1359 749 1538 836 praedicat,
1569 749 1656 833 quod
1685 771 1722 814 ea
1752 752 1845 813 nocte
1874 747 2004 834 Argivis

385 857 552 922 victoriam
575 857 709 922 dederit.
747 855 812 921 Sed
834 860 871 922 ut
886 879 953 923 rem
977 857 1079 942 magis
1102 855 1233 920 dictioni
1252 855 1397 940 poeticae
1413 854 1639 920 convenienter
1654 853 1822 930 describat,
1846 856 1879 916 et
1900 853 2001 938 ipsam

384 965 510 1026 noctem
533 961 649 1028 chorus
672 962 822 1049 appellat,
846 985 909 1046 qua
924 961 1023 1027 Troia
1044 963 1228 1048 expugnata
1249 981 1318 1023 esse
1340 959 1467 1024 dicitur.
1513 959 1746 1026 venustissime
1768 963 1876 1023 autem
1892 957 2001 1024 lovem

385 1069 418 1130 et
439 1065 575 1132 Noctem
606 1091 669 1132 una
697 1068 791 1132 simul
821 1067 1011 1150 alloquitur,
1034 1067 1120 1150 qnod
1151 1064 1306 1130 ambobus
1329 1065 1442 1151 Argivi
1465 1064 1630 1129 victoriam
1652 1067 1852 1151 reportatam
1874 1062 2001 1129 debent.

383 1171 532 1258 luppiter
554 1172 682 1256 quidem
705 1171 766 1237 hoc
787 1171 880 1247 fecit,
905 1171 961 1236 sed
985 1193 1082 1255 quum
1106 1177 1200 1235 nocte
1222 1169 1350 1247 fecerit,
1374 1171 1465 1255 quasi
1487 1192 1560 1234 cum
1584 1173 1677 1234 nocte
1698 1167 1784 1234 fecit.
1830 1167 1936 1248 Quam
1960 1167 2002 1233 oh

384 1299 451 1340 rem
474 1277 591 1342 chorus
612 1277 749 1341 Noctem
773 1282 810 1341 ut
833 1287 1000 1363 personam
1024 1281 1155 1352 tractat,
1178 1276 1224 1340 ita
1246 1281 1282 1339 ut
1302 1277 1389 1340 lovis
1412 1298 1494 1340 uxor
1516 1297 1584 1339 esse
1606 1275 1762 1350 videatur,
1785 1296 1824 1338 ex
1845 1295 1909 1358 qua
1931 1274 2005 1359 lup-

386 1383 469 1469 piter
486 1383 791 1468 praestantissimam
808 1383 961 1447 victoriae
976 1381 1109 1468 gloriam
1127 1383 1314 1468 procreavit.
1350 1383 1421 1446 lam
1455 1405 1482 1446 v.
1512 1389 1585 1446 250.
1603 1379 1861 1466 Clytaemnestra
1875 1382 2001 1444 noctem

384 1486 478 1552 huius
500 1485 575 1551 laeti
597 1487 700 1551 nuntii
725 1491 860 1552 matrem
884 1485 1016 1574 (μητρὸς
1039 1487 1205 1575 είηρίνης)
1229 1488 1420 1563 nominavit,
1444 1492 1480 1551 ut
1511 1487 1699 1572 plerumque
1727 1507 1792 1549 uox
1815 1487 1918 1549 mater
1940 1483 2002 1548 diei

384 1593 490 1656 vocari
519 1592 601 1656 solet
631 1590 685 1678 (cf.
720 1616 750 1656 v.
775 1599 847 1660 264.
882 1599 938 1675 τῆς
966 1599 1020 1654 νῦν
1049 1591 1195 1674 τεκούσης
1223 1599 1289 1676 ηολς
1319 1591 1383 1654 τόδ’
1417 1591 1570 1677 εὐφρόνης
1597 1591 1695 1678 λίγον),
1742 1591 1856 1675 ltaque
1885 1589 2002 1654 chorus

383 1701 511 1762 noctem
542 1696 707 1784 praedicat
734 1696 876 1781 μεγάλαν
904 1696 1027 1778 κάαμνον
1056 1695 1248 1778 κτεάτενραν,
1285 1719 1473 1781 magnorum
1509 1696 1664 1760 honorum
1698 1696 1890 1782 paratricem
1923 1695 1944 1758 i.
1973 1717 2001 1759 e.

383 1801 535 1866 victoriae
558 1803 753 1888 genitricem.
798 1801 920 1888 Engeri
943 1800 1004 1888 (ed.
1031 1801 1098 1889 mi.)
1121 1801 1306 1887 explicatio:
1338 1801 1423 1878 „Die
1444 1801 1551 1866 Nacht
1579 1800 1636 1866 hat
1659 1801 1725 1866 sich
1748 1800 1848 1866 durch
1871 1800 1922 1864 die
1944 1799 2002 1865 Er-

383 1907 528 1993 oberung
549 1906 663 1971 Troias
686 1907 775 1972 einen
797 1906 974 1972 herrlichen
999 1905 1159 1972 Schmuok
1182 1905 1382 1984 erworben“,
1407 1930 1470 1972 non
1500 1908 1621 1993 placet,
1645 1929 1742 1992 quum
1767 1906 1883 1971 chorus
1904 1905 2002 1972 Nocti

383 2035 447 2077 nou
473 2016 549 2098 aget
577 2014 716 2099 gratias,
747 2013 833 2098 quod
862 2013 945 2078 sibi
974 2013 1057 2099 ipsi
1085 2012 1239 2078 honorem
1267 2013 1420 2078 victoriae
1450 2013 1627 2099 paraverit,
1662 2013 1719 2076 aed
1746 2012 2002 2098 Argivorum

382 2117 590 2182 exercitui
612 2121 739 2204 atque
761 2117 944 2184 ducibus.
991 2117 1045 2184 Ob
1076 2140 1145 2182 eam
1175 2141 1258 2194 rem,
1283 2118 1369 2204 quod
1391 2119 1522 2205 Argivis
1548 2119 1716 2183 victoriam
1738 2118 1881 2194 dederit,
1904 2117 2002 2182 etiam

383 2223 517 2287 amicam
540 2220 673 2313 (φιλίαν)
705 2223 844 2309 appellat
865 2222 1020 2299 Noctem,
1043 2245 1125 2308 quae
1153 2223 1341 2310 plerumque
1368 2223 1548 2290 hominibus
1571 2245 1635 2288 noo
1657 2224 1775 2299 amice,
1799 2222 1855 2287 sed
1876 2221 2003 2288 inimica

383 2328 559 2393 existimari
581 2327 672 2393 solet.
710 2325 785 2407 Qua
807 2351 885 2393 vero
907 2329 1030 2394 ratione
1053 2330 1182 2415 Argivis
1205 2351 1240 2393 se
1263 2330 1395 2393 amicam
1419 2329 1611 2416 praebuerit,
1635 2327 1739 2394 verbis
1762 2350 1844 2413 quae
1867 2349 2001 2413 sequun,

382 2435 438 2497 tur
459 2430 505 2515 ἣτ’
524 2434 570 2498 inl
590 2435 706 2514 Τροίας
721 2459 748 2496 κ.
765 2457 792 2496 τ.
805 2439 831 2497 λ.
848 2435 1028 2519 exponitur.
1075 2433 1134 2498 Uti
1156 2457 1222 2499 nox
1245 2435 1423 2499 universam
1444 2440 1564 2499 terram
1588 2457 1695 2499 crassa
1716 2433 1849 2520 caligine
1873 2434 2002 2520 premit,

382 2538 429 2602 ita
448 2537 661 2602 Troianorum
685 2537 795 2603 urbem
820 2561 935 2625 magno
959 2537 1132 2604 obstrinxit
1154 2541 1226 2615 reti,
1250 2541 1337 2624 quod
1358 2562 1451 2605 nemo
1471 2540 1611 2605 omnium
1634 2561 1736 2624 neque
1756 2539 1878 2604 iuvenis
1899 2559 2002 2623 neque

382 2663 479 2707 senex
500 2641 665 2728 effugeret.
710 2643 784 2708 Hoc
805 2645 911 2731 ipsum
934 2647 1001 2710 rete
1023 2644 1140 2710 chorus
1162 2645 1309 2732 designat

470 2805 501 2846 v.
524 2789 598 2847 345.
620 2787 699 2866 μίγα
729 2787 867 2858 δουλείας
896 2782 1054 2868 γάγγαμον
1082 2784 1158 2868 άτης
1182 2784 1374 2850 παναλώτου.
1420 2785 1529 2852 Verba
1550 2786 1628 2868 μίγα
1652 2786 1807 2862 δουλείας,
1833 2805 1915 2869 quae
1937 2784 2001 2846 iam

383 2885 537 2955 Schiitzio
566 2888 725 2975 glossema
754 2912 823 2954 esse
852 2890 1059 2967 videbantur,
1094 2913 1202 2955 omnes
1231 2891 1298 2956 fere
1325 2892 1511 2957 recentioris
1545 2890 1715 2955 memoriae
1745 2889 1937 2977 interpretes
1965 2897 2003 2954 ut

382 2994 492 3081 spuria
513 2997 570 3058 aut
591 2993 752 3060 eiecerunt
773 2999 830 3059 aut
852 2995 940 3058 uncis
961 2995 1170 3061 incluserunt.
1216 2996 1314 3079 ,μίγα
1337 2999 1485 3076 δουλείας,
1509 2995 1659 3083 Engerus
1675 2993 1738 3082 (ed.
1757 2993 1865 3084 ma')
1888 2994 2001 3080 inquit,

381 3099 488 3185 inepte
510 3099 666 3176 additum,
691 3122 766 3165 nam
789 3103 825 3164 ut
847 3099 946 3165 verba
965 3099 1043 3183 μήτε
1064 3102 1161 3183 με’γαν
1181 3101 1260 3184 μήτε
1284 3109 1400 3184 νεαρῶν
1420 3128 1487 3166 τινα
1510 3103 1642 3176 docent,
1666 3100 1725 3183 άτη
1749 3124 1813 3166 non
1836 3100 1938 3166 solum
1962 3101 2002 3165 de

382 3205 547 3282 servitute,
570 3205 738 3270 sedetiam
756 3205 795 3271 de
811 3205 907 3270 caede
929 3205 1050 3271 dictum
1074 3211 1155 3270 est.“
1199 3205 1338 3271 Athaec
1360 3206 1457 3272 verba
1480 3206 1556 3272 mihi
1578 3206 1706 3291 quidem
1728 3228 1792 3271 non
1815 3207 1918 3271 solum
1938 3227 2001 3270 non

382 3308 498 3396 inepte,
522 3331 632 3374 verum
655 3311 752 3376 etiam
775 3312 941 3398 aptissime
963 3311 1072 3376 addita
1093 3312 1252 3377 videntur.
1298 3310 1380 3377 Voci
1402 3310 1560 3396 γάγγαμον
1589 3309 1754 3400 epitheton
1777 3334 1893 3377 ornans
1915 3310 2001 3388 addi,

382 3437 445 3480 non
468 3419 518 3480 est
540 3414 627 3500 quod
649 3417 861 3502 vituperetur,
886 3419 1072 3504 praesertim
1097 3440 1194 3502 quum
1218 3416 1385 3503 epitheton
1405 3417 1484 3499 μίγα
1507 3417 1577 3482 voci
1597 3417 1755 3500 γάγγαμον
1770 3417 1907 3481 maxime
1930 3439 2002 3482 con-

381 3522 509 3586 veniens
532 3543 601 3584 esse
622 3522 686 3585 iam
707 3522 787 3587 illud
802 3526 925 3586 δίκτυον
940 3524 1095 3606 ονίγανον,
1120 3527 1189 3588 rete
1205 3528 1316 3610 tegens
1332 3545 1376 3587 sc.
1393 3525 1496 3586 totam
1512 3520 1634 3597 urbem,
1658 3522 1859 3607 apertissime
1874 3523 2001 3588 doceat.
2081 3543 2083 3547 ’

381 3625 494 3710 Neque
516 3647 592 3692 vero
616 3629 756 3700 δουλείας
777 3628 832 3712 (ηοί
861 3628 992 3692 additur
1013 3630 1175 3715 genitivus
1197 3627 1353 3716 displicet.
1399 3627 1604 3693 Hermannus
1635 3627 1762 3712 quidem
1785 3627 1868 3694 hunc
1890 3628 2001 3716 geniti-

312 3717 315 3723 *
381 3753 456 3796 vum
486 3753 525 3795 ex
555 3731 656 3796 altero
687 3731 828 3818 genitivo
859 3733 997 3818 pendere
1027 3755 1217 3818 sensumque
1247 3755 1316 3797 esse
1347 3731 1426 3814 μίγα
1456 3730 1614 3814 γάγγαμον
1642 3732 1718 3815 άοης
1741 3731 1924 3797 παναλώτου
1947 3741 2003 3818 τῆς

382 3837 521 3910 δουλείας
542 3841 647 3924 putat,
670 3837 726 3902 sed
750 3838 851 3924 magis
873 3839 1017 3922 poeticae
1039 3839 1171 3904 dictioni
1193 3839 1360 3905 convenire
1382 3837 1459 3906 mihi
1474 3837 1610 3916 videtur,
1633 3842 1806 3924 utrumque
1826 3839 2001 3927 genitivum

382 3962 422 4004 ex
443 3961 521 4026 voce
543 3938 702 4024 γάγγαμον
721 3942 876 4029 pendere,
907 3945 953 4008 ita
980 3947 1018 4008 ut
1046 3944 1207 4029 genitivus
1237 3947 1376 4018 δουλείας
1403 3943 1542 4031 pendeat
1571 3964 1611 4008 ex
1642 3945 1710 4009 sola
1733 3965 1810 4009 voce
1832 3941 1999 4026 γάγγαμον,

381 4045 540 4132 genitivus
562 4068 638 4112 vero
661 4045 738 4130 άνης
761 4047 944 4112 αανολοίτον
964 4071 1004 4114 ex
1024 4051 1103 4132 μίγα
1126 4053 1264 4124 δουλείας
1285 4047 1443 4132 γάγγαμον
1465 4048 1555 4134 quasi
1571 4071 1611 4113 ex
1626 4072 1690 4114 una
1704 4050 1845 4114 notione.
1881 4047 2003 4112 Raetis

381 4151 460 4216 sime
499 4151 600 4238 igitur
633 4151 890 4218 Schneidewinus
931 4155 1045 4220 vertit:
1084 4155 1163 4232 „das
1205 4153 1372 4243 gewaltige
1405 4153 1739 4240 Knechtschaftsgarn
1780 4151 2003 4239 alliangenden

381 4255 534 4320 Elends.“
577 4257 702 4344 Magno
723 4259 887 4324 servitutis
911 4260 971 4324 reti
994 4282 1103 4324 omnes
1126 4261 1297 4347 capiuntur
1320 4263 1354 4324 et
1376 4259 1504 4325 iuvenes
1527 4265 1559 4326 et
1581 4283 1689 4338 senes;
1712 4258 1771 4341 άτη
1794 4281 1869 4324 vero
1892 4281 2002 4326 omnes

381 4360 525 4427 haereti
548 4363 642 4449 capit.
689 4359 796 4442 Quam
827 4365 868 4430 ob
897 4387 964 4430 rem
989 4364 1109 4451 Engeri
1139 4364 1200 4453 (ed.
1232 4364 1301 4455 mi.)
1328 4366 1570 4453 interpretatio:
1602 4360 1807 4442 ,παναλώτου
1839 4364 1898 4429 mit
1927 4365 2002 4448 άτης

380 4467 582 4543 verbunden,
605 4465 755 4532 withrend
783 4490 816 4533 es
844 4469 1013 4556 eigentlich
1042 4493 1082 4534 zu
1111 4471 1269 4554 γάγγαμον
1295 4470 1426 4558 gabart,
1458 4473 1516 4536 das
1544 4470 1861 4556 allecumspannende
1887 4469 2002 4547 Netz“,

382 4572 461 4638 mihi
491 4595 555 4638 non
587 4569 754 4660 probatur.
800 4573 984 4639 ααναλάτοο
1018 4597 1081 4640 non
1115 4581 1165 4640 est
1198 4575 1362 4663 epitheton
1395 4577 1483 4641 vocis
1516 4573 1674 4658 γάγγαμον
1707 4575 1748 4640 ad
1781 4598 1892 4641 vocem
1926 4573 2004 4655 ἄτης

381 4680 583 4757 translatum,
606 4677 663 4743 sed
679 4678 845 4764 proprium
862 4679 948 4764 άτης.
986 4677 1069 4746 Nam
1086 4680 1267 4756 nociturae
1281 4705 1345 4747 non
1361 4681 1519 4768 significat
1534 4681 1667 4758 „alles
1683 4681 2004 4770 umspannend“,

451 4889 478 4955 *λ
496 4892 533 4944 ed.
557 4909 606 4944 ma.
628 4893 646 4945 i.
665 4909 686 4944 e.
711 4893 789 4946 editio
813 4894 893 4946 maior
910 4918 945 4938 --
963 4895 1081 4964 Aeschyli
1102 4897 1255 4962 Agamemno
1280 4893 1390 4962 primum
1408 4893 1445 4944 ed.
1463 4895 1494 4944 ll.
1512 4895 1546 4946 H.
1565 4893 1686 4950 Klauren.
1721 4894 1811 4946 Editio
1830 4893 1910 4944 altera
1927 4909 2001 4960 quam

380 4980 477 5031 curavit
492 4981 523 5032 R.
540 4983 633 5049 Enger.
652 4978 729 5034 1863.
