4554 5612
837 451 993 460 m„-
1038 420 1078 480 23
1123 450 1277 458 ........

251 665 362 708 norum
385 644 417 706 ct
433 641 630 728 Argivorum
653 641 789 727 cogitat,
813 640 864 706 alii
881 641 928 706 vel
951 640 992 706 de
1013 639 1179 726 Iphigenia
1194 661 1370 704 sermonem
1387 653 1455 704 esse
1477 638 1683 707 arbitrantur.
1712 638 1865 704 Attamen

253 747 300 814 bic
319 747 376 812 ubi
399 747 440 811 de
462 747 578 813 civium
602 746 721 811 invidia
741 747 891 832 loquatur
913 745 1044 822 chorus,
1077 746 1162 810 solos
1185 746 1323 831 Argivos
1354 767 1423 810 esse
1448 744 1684 832 intelligendos,
1717 744 1865 831 Engerus

249 854 308 935 (etl
333 850 412 940 ma.)
433 852 596 918 verissime
625 851 711 919 dicit.
755 857 803 916 De
825 851 934 939 culpa,
963 873 1059 936 quam
1081 852 1217 915 Atridae
1245 849 1435 938 Iphigeniae
1459 849 1677 915 immolatione
1703 856 1866 914 contraxe-

243 963 340 1036 runt,
375 959 439 1022 iam
462 958 566 1043 primo
588 956 704 1023 chorus
727 958 867 1031 cantico,
901 958 1037 1032 veritus,
1071 979 1110 1022 ne
1138 957 1289 1020 damnum
1313 955 1457 1031 afferret,
1492 955 1651 1042 copiosius
1674 955 1771 1031 dixit;
1806 954 1867 1019 boc

242 1069 356 1128 autern
379 1063 518 1128 carmine
545 1085 660 1128 novam
694 1062 836 1149 culpam,
867 1084 931 1146 qua
952 1061 1089 1126 Atridae
1120 1059 1204 1126 bello
1238 1065 1388 1148 suscepto
1419 1060 1523 1126 caedis
1554 1059 1726 1124 multorum
1750 1060 1864 1134 civium

244 1172 397 1234 auctores
418 1168 483 1232 sint
506 1166 665 1244 obstricti,
699 1167 777 1254 ipsis
799 1166 1008 1254 perniciosam
1038 1167 1108 1232 sore
1137 1188 1325 1253 persuasum
1356 1165 1461 1233 habet.
1482 1165 1691 1230 -Eandem
1715 1163 1866 1252 exprimit

249 1274 367 1340 chorus
394 1274 583 1339 sententiam
611 1295 706 1358 quam
730 1295 829 1358 supra
860 1295 889 1341 v.
914 1279 977 1338 335
999 1293 1068 1357 sqq.
1091 1272 1148 1336 oria
1170 1269 1230 1356 ἔφα
1254 1295 1298 1344 τις
1319 1296 1346 1336 κ.
1363 1295 1389 1336 τ.
1407 1275 1432 1334 λ.
1484 1270 1536 1334 Dii
1557 1291 1675 1356 poenas
1698 1268 1739 1334 ab
1761 1270 1866 1357 impiis

251 1383 416 1467 repetant,
447 1378 502 1442 sed
530 1399 587 1465 per
616 1377 716 1442 furias
740 1379 915 1454 ministras,
947 1399 1028 1462 quae
1056 1377 1220 1465 improbos
1254 1381 1490 1463 persequuntur
1516 1376 1688 1462 poenisque
1713 1373 1866 1443 afficiunt.

337 1506 365 1550 v.
387 1489 460 1550 445.
505 1483 588 1551 Post
611 1480 753 1566 ἀμαυρόν
775 1483 939 1569 vulgatam
961 1483 1128 1548 commatis
1144 1473 1432 1568 interpunctionem
1453 1481 1649 1546 retinendam
1671 1501 1739 1544 esse
1761 1481 1866 1546 iudico

253 1589 401 1654 adversus
424 1589 588 1677 Engerum
605 1587 668 1676 (ed.
693 1588 769 1677 ma.)
792 1594 825 1652 et
847 1587 1149 1675 Naegelsbacbium,
1172 1588 1227 1672 qui
1242 1586 1376 1652 fortiore
1391 1585 1647 1672 interpunctione
1666 1585 1867 1672 distinguunt

255 1698 289 1759 et
310 1695 402 1761 verba
423 1697 456 1760 lv
478 1693 626 1768 δίἰΐστοκς
648 1720 675 1759 κ.
692 1719 718 1760 r.
735 1700 762 1758 λ.
785 1694 826 1759 ad
848 1715 989 1778 eaquae
1013 1695 1157 1781 proxime
1172 1696 1350 1778 sequuntur
1365 1690 1424 1756 bac
1446 1690 1588 1756 referunt
1611 1691 1783 1756 sententia:
1806 1695 1866 1771 ,ut

252 1801 374 1866 obscuri
389 1800 528 1866 bominis
542 1800 647 1865 nullae
662 1803 737 1864 sunt
760 1821 854 1886 opes,
877 1801 923 1864 ita
945 1799 1038 1863 nimis
1060 1820 1129 1864 esse
1144 1801 1310 1886 potentem
1334 1796 1546 1882 periculosum
1569 1801 1632 1873 est,
1656 1796 1729 1862 ideo
1751 1796 1867 1862 medio-

246 1906 395 1971 critatem
427 1905 597 1993 praefero“
619 1903 777 1993 (Enger.).
825 1904 932 1972 Verba
963 1905 1047 1969 enirn
1080 1905 1111 1968 tv
1133 1903 1280 1978 d‘rltororc
1310 1901 1413 1967 verbis
1443 1900 1551 1966 rrdsto’
1581 1899 1724 1984 ἀμαυρὸν
1752 1927 1778 1964 κ.
1795 1925 1822 1963 r.
1838 1905 1865 1965 t.

244 2033 371 2076 annexa
386 2009 532 2096 Engerus
547 2011 721 2076 admodum
736 2009 903 2096 languida,
926 2008 1195 2097 Naegelsbachius
1217 2009 1326 2095 inepta
1347 2029 1415 2074 esse
1441 2007 1613 2072 existimat.
1658 2005 1767 2072 Etiam
1788 2005 1867 2070 Nae

244 2114 448 2202 gelsbachius
470 2115 595 2190 dtcrocc
614 2115 771 2203 ignobiles
793 2137 861 2180 esse
883 2114 977 2191 dicit,
1002 2136 1081 2200 quos
1103 2136 1197 2178 nemo
1219 2115 1358 2190 noverit,
1382 2135 1499 2197 eosque
1520 2111 1678 2177 contrarie
1693 2109 1868 2176 referri‘ad

246 2220 325 2295 τοὺς
353 2215 526 2302 tarpeiana
553 2215 586 2285 nl
615 2221 772 2296 κλύοντας.
821 2222 869 2285 At
902 2242 1000 2304 quum
1030 2241 1136 2284 rerum
1168 2225 1352 2285 contextum
1381 2217 1633 2293 consideramus,
1661 2216 1766 2282 facere
1804 2237 1867 2280 uon

248 2347 436 2413 possumus,
467 2327 541 2411 quin
571 2329 604 2392 ir
625 2324 773 2399 rl’d‘tcrarr
800 2355 825 2390 κ.
842 2351 867 2392 τ,
885 2332 912 2390 λ.
936 2325 976 2392 ad
1006 2323 1114 2388 τιθεῖό
1151 2322 1295 2404 ἀμαυρὸν
1316 2349 1341 2388 κ.
1360 2349 1386 2392 τ.
1403 2333 1431 2387 λ.
1460 2323 1643 2388 referamus.
1696 2320 1803 2386 Verba
1836 2323 1868 2384 b·

250 2430 396 2505 d’dtnrorc
412 2431 592 2507 τελέθοντος
613 2431 664 2496 bic
680 2453 743 2495 uon
758 2430 940 2518 significant
955 2429 1141 2518 simpliciter
1156 2428 1316 2494 hominem
1333 2429 1502 2495 obscurum
1519 2426 1685 2516 (bingen),
1707 2426 1866 2492 bominem

250 2557 342 2622 quem
372 2558 465 2602 nemo
496 2537 587 2602 novit
615 2534 831 2622 (Naegelsb.),
866 2535 920 2600 sed
951 2535 1109 2600 hominem
1140 2557 1235 2620 quem
1268 2535 1371 2600 furiae
1402 2535 1573 2600 obscurum
1601 2534 1667 2598 sive
1695 2532 1866 2619 ignobilem

249 2642 458 2708 reddiderunt
480 2641 601 2723 (redstc’
625 2639 792 2730 ἀμαυρόν).
838 2639 936 2721 Quod
951 2641 1051 2727 igitur
1065 2640 1209 2717 additur,
1233 2639 1369 2706 bominis
1385 2640 1442 2706 tali
1456 2640 1580 2705 ratione
1599 2639 1724 2704 alariis
1740 2637 1867 2703 obscuri

253 2745 326 2812 aea
347 2747 470 2812 nullum
493 2769 561 2812 esse
582 2747 694 2821 robur,
725 2768 827 2831 neque
848 2746 1034 2832 languidum
1056 2768 1158 2831 neque
1179 2747 1323 2832 ineptum
1346 2749 1413 2822 est,
1441 2746 1498 2810 sed
1520 2745 1656 2809 multum
1680 2743 1721 2808 ad
1746 2747 1867 2808 sentcn-

255 2851 329 2915 tiam
360 2853 539 2938 aagendam
569 2852 700 2918 confert.
745 2849 858 2936 Neque
886 2875 962 2917 vero
990 2853 1033 2928 is,
1067 2874 1161 2937 quern
1184 2851 1287 2916 furiae
1313 2851 1485 2916 obscurum
1507 2850 1662 2925 reddunt,
1698 2849 1865 2924 contrarie,

258 2956 341 3040 quod
361 2955 631 3041 Naegelsbacbius
659 2956 837 3033 contendit,
871 2957 911 3020 ad
934 2979 1006 3022 eum
1030 2956 1141 3022 referri
1163 2960 1290 3044 potest,
1324 2956 1379 3041 qui
1404 2956 1524 3021 maiore
1553 2978 1626 3021 cum
1650 2955 1768 3019 invidia
1790 2953 1866 3019 cele-

254 3059 368 3124 bratur
391 3055 580 3142 (ὑπερκότως
601 3055 632 3124 εὖ
654 3062 775 3151 κλύειν).
827 3061 911 3127 Nam
935 3066 1084 3148 uterque,
1118 3067 1151 3126 et
1173 3063 1201 3126 is
1223 3083 1317 3147 quem
1340 3061 1442 3126 furiae
1462 3061 1633 3127 obscurum
1665 3060 1804 3126 reddunt
1834 3065 1867 3124 et

248 3165 277 3230 is
294 3166 350 3248 qui
367 3165 488 3230 maiore
503 3185 576 3228 cum
598 3167 710 3230 invidia
729 3167 922 3244 celebratur,
945 3191 1077 3255 prorsus
1098 3168 1182 3232 idern
1205 3172 1264 3233 est.
1308 3168 1444 3234 Minime
1459 3167 1559 3254 igitur
1574 3168 1747 3243 sententia,
1770 3187 1866 3251 quum

245 3269 399 3357 Engerus
423 3273 456 3335 et
478 3269 744 3356 Naegelsbacbius
766 3275 798 3338 in
821 3273 882 3338 illis
903 3272 1009 3339 verbis
1034 3273 1138 3338 inesse
1161 3276 1350 3360 opinantur,
1385 3273 1515 3338 tolerari
1542 3277 1664 3360 potest;
1686 3272 1868 3338 huiusmodi

253 3375 331 3439 enim
353 3381 456 3441 esset:
504 3375 553 3442 Ut
575 3375 708 3442 hominis
727 3380 794 3444 sine
816 3380 939 3444 iustitia
961 3378 1077 3456 felicis,
1101 3400 1194 3463 quem
1218 3401 1255 3444 ea
1270 3381 1311 3444 de
1333 3401 1368 3444 re
1383 3376 1485 3444 suriae
1500 3378 1723 3465 perdiderunt,
1745 3379 1865 3444 nullum

256 3483 304 3542 est
321 3479 432 3557 robur,
456 3481 504 3545 ita
528 3483 647 3547 maiore
669 3505 741 3548 cum
776 3484 893 3548 invidia
915 3483 1067 3549 celebrari
1089 3483 1302 3571 periculosum
1325 3488 1385 3550 est.
1432 3482 1735 3552 Commodissimum
1758 3488 1867 3550 autem

255 3581 343 3648 locus
364 3587 494 3671 praebet
515 3609 641 3652 sensum
657 3588 791 3676 vulgata
812 3590 1069 3675 interpunctione
1092 3593 1235 3656 servata:
1258 3592 1385 3655 Atrae
1407 3589 1425 3655 s
1429 3591 1540 3655 uriae
1562 3589 1725 3654 tandem
1747 3587 1867 3654 homi-

252 3709 336 3754 nem
359 3691 447 3756 siue
467 3691 633 3758 iustitia
654 3691 911 3759 fortunatum
935 3693 1410 3760 mutatavitnefortuna
1431 3695 1615 3760 reddunt
1637 3693 1867 3772 obscurum,

249 3795 368 3859 cuius
390 3794 554 3862 obscuri
575 3798 754 3864 hominis
775 3799 931 3864 nullum
964 3800 1123 3865 omniuo
1157 3804 1216 3866 est
1245 3800 1383 3866 robur.
1433 3801 1595 3866 Maiore
1624 3799 1757 3886 igitur
1779 3823 1867 3866 cum

246 3897 407 3965 invidia
429 3902 635 3969 celebrari
659 3904 941 3990 periculosum
963 3909 1036 3970 est.

332 4027 361 4068 v.
383 4011 457 4076 447.
503 4003 681 4090 ὑπερκότως
703 4009 857 4075 librorum
887 4011 954 4076 sine
976 4010 1075 4076 dubio
1095 4011 1312 4087 retinendum,
1347 4032 1449 4095 neque
1471 4031 1545 4074 vero
1567 4005 1756 4090 ὑπερκόπως,
1781 4011 1868 4097 quod

244 4107 364 4175 Grotio
386 4116 517 4178 anctore
540 4111 748 4178 Hermannus
777 4115 892 4200 aliique
921 4121 1125 4204 receperunt,
1159 4115 1363 4182 scribendum
1397 4137 1479 4193 esse,
1512 4117 1575 4180 iam
1603 4115 1682 4180 illud
1709 4117 1764 4192 ξὶκ
1786 4114 1867 4205 κότῳ

243 4237 273 4278 v.
296 4219 371 4278 436.
394 4217 472 4279 satis
496 4239 660 4302 superque
682 4218 785 4286 docet.

331 4339 364 4381 v.
387 4326 459 4386 448.
504 4321 630 4387 Mirum
653 4322 685 4387 in
710 4326 839 4390 modum
865 4328 964 4392 vertit
984 4325 1254 4415 Naegelsbachius
1276 4328 1382 4410 ,denn
1396 4325 1484 4392 kralb
1506 4326 1607 4391 seines
1622 4327 1733 4413 Auges
1748 4324 1866 4392 schleu-

242 4423 320 4488 dert
354 4419 437 4486 Zeus
468 4423 528 4490 den
558 4427 822 4495 Wetterstrabl.“
870 4429 954 4496 Nam
983 4455 1047 4518 qua
1074 4434 1198 4498 ratione
1227 4433 1375 4519 luppiter
1404 4432 1521 4497 fulmen
1552 4432 1675 4509 mittat,
1708 4431 1769 4496 hoc
1795 4432 1868 4500 loco

243 4525 323 4591 nibil
346 4525 496 4604 interest,
520 4534 657 4600 maxime
679 4557 772 4611 vero,
796 4536 874 4621 quid
894 4535 1026 4603 fulmine
1047 4538 1151 4603 feriat.
1195 4537 1243 4602 At
1269 4537 1357 4622 quod
1384 4537 1499 4603 chorus
1522 4538 1615 4615 dicit,
1642 4538 1789 4618 βάλλεται
1807 4536 1865 4621 γὰρ

244 4631 391 4706 ὅπως
413 4631 533 4698 Attea
554 4637 715 4720 κεραυνός,
751 4641 784 4705 id
807 4641 965 4728 plerisque
993 4667 1057 4708 non
1080 4641 1245 4731 probatur.
1293 4642 1392 4719 „Man
1415 4647 1564 4709 erwartet
1591 4644 1641 4708 ein
1662 4641 1775 4718 Wort,
1808 4641 1865 4706 das

244 4735 309 4800 die
331 4735 530 4802 hiicbsten
554 4737 720 4824 Spitzen
737 4743 904 4822 bedentet,
922 4747 1106 4833 feriuntque
1121 4771 1263 4812 summos
1278 4749 1409 4836 fulgura
1425 4757 1569 4814 montes“
1584 4749 1706 4834 (Enger
1722 4747 1771 4812 ed.
1788 4749 1864 4830 mi).

246 4837 459 4928 Quapropter
482 4843 535 4908 alii
558 4844 747 4933 interpretes
769 4851 846 4917 alias
868 4853 1065 4918 coniecturas
1081 4852 1240 4930 fecerunt,
1263 4858 1300 4919 ut
1322 4853 1407 4918 illam
1428 4858 1653 4939 extorquerent
1675 4853 1866 4918 sententiam

244 4945 301 5026 (cf.
324 4945 442 5034 Enger.
466 4949 516 5015 ed.
542 4954 629 5034 ιη).
674 4953 737 5021 Sed
759 4957 965 5023 Hermannus
988 4959 1150 5024 verissime
1179 4959 1257 5022 illud
1289 4959 1395 5034 ὄσσοις
1417 4959 1458 5024 ad
1482 4957 1588 5024 retiato'
1614 4957 1756 5042 ὀμακρόκ
1779 4963 1813 5024 et
1835 4962 1867 5025 iv
