4554 5612
1009 409 1448 466 ........10.-..-„

419 631 506 696 iusto
529 631 678 697 maiorem
703 632 890 716 spirantium
913 631 1027 696 oritur.
1072 630 1188 714 ltaque
1211 651 1309 713 quum
1332 633 1420 714 φλεῖν
1443 626 1572 710 δώματα
1593 625 1731 713 ἀπῖρφεν
1753 630 1819 694 iam
1840 628 1975 706 bouum,
1996 653 2038 694 ne

420 735 523 801 dicam
546 737 703 822 optimum
725 735 1072 824 (praestantissimum),
1095 735 1240 812 excedat,
1264 733 1380 800 chorus
1403 733 1463 800 boc
1483 733 1554 800 loco
1571 734 1637 798 sine
1659 733 1756 800 dubio
1779 757 1841 800 non
1858 735 1935 800 dicit
1950 739 2039 819 φλκῖν

420 839 550 920 δώματα
576 837 713 926 ὖπῖρρεα
742 864 810 906 esse
840 842 1167 928 praestantissimum,
1204 862 1306 925 neque
1332 839 1511 906 Hermanni
1540 841 1676 905 mutatio
1707 837 1783 923 ὅπερ
1812 837 1846 903 τὸ
1876 841 2039 920 βέλτιστον

420 943 546 1010 defendi
575 951 693 1032 potest.
739 945 907 1012 Sententia
936 951 1043 1012 eutem
1072 948 1179 1012 evadit
1208 946 1344 1010 maxime
1374 946 1543 1022 concinna,
1578 967 1676 1031 quum
1706 940 1783 1026 dala
1814 943 1848 1008 τὸ
1876 944 2040 1026 βῖλτισταν

419 1049 525 1116 verbis
547 1051 702 1135 pilorum
723 1050 876 1133 ὀαμάταν
897 1049 1034 1136 ὖπάρφεν
1060 1052 1256 1138 adiungitur.
1300 1051 1384 1116 Tum
1418 1050 1480 1118 hoc
1500 1045 1637 1136 ὑπέρφευ
1660 1072 1747 1116 more
1770 1047 1920 1135 Aeschyli
1943 1047 2041 1134 aptis-

419 1157 500 1221 sime
520 1155 696 1242 explicatur
717 1156 824 1222 verbis
845 1152 923 1236 ὑπὲρ
947 1156 981 1222 τὸ
1005 1157 1182 1238 βέλτιστον,
1213 1179 1294 1242 quae
1322 1156 1419 1223 verba
1441 1157 1511 1244 ipsa
1531 1156 1573 1220 ad
1595 1154 1821 1242 designandam
1853 1153 2038 1218 divitiarum

418 1261 548 1326 nimiam
570 1260 798 1342 abundantiam
822 1263 993 1348 plurimum
1016 1262 1191 1328 conferunt.

507 1364 617 1446 Quum
646 1390 723 1454 opes
749 1368 843 1432 nimis
873 1368 1022 1453 copiosae
1055 1367 1321 1454 perniciosissima
1353 1369 1507 1454 generent
1534 1366 1630 1443 vitia,
1664 1366 1787 1453 optimo
1819 1365 1888 1430 iure
1921 1363 2039 1430 chorus

419 1472 554 1537 maiores
586 1472 801 1559 perhorrescit
833 1473 959 1538 divitias
992 1473 1115 1558 sibique
1148 1477 1273 1538 tantum
1308 1473 1407 1560 cupit
1429 1475 1585 1557 quantum
1617 1471 1696 1536 eatis
1730 1472 1772 1535 sit
1805 1491 1899 1536 sanae
1929 1470 2038 1534 menti.

419 1575 497 1641 liram
520 1575 733 1659 δ’ἀπήμαντον
756 1577 832 1642 ὥστε
847 1604 873 1641 κ.
889 1603 917 1642 τ.
935 1583 963 1640 λ.
986 1579 1007 1642 ἱ.
1031 1599 1057 1642 e.
1081 1577 1159 1641 ἴστω
1174 1576 1356 1661 ἀπήμαντον
1380 1576 1474 1641 τόσον
1497 1575 1575 1641 ὦάτε
1597 1603 1622 1640 κ.
1638 1601 1665 1643 τ.
1682 1583 1709 1642 l.
1746 1576 1951 1641 Hermanuus
1973 1597 2037 1639 non

418 1685 506 1747 recte
528 1680 606 1746 haec
626 1683 725 1748 verba
747 1683 860 1748 vertit:
893 1683 971 1760 „sed
1000 1705 1136 1749 vacuum
1166 1686 1236 1747 esto
1264 1681 1425 1750 crimine.“
1468 1681 1640 1748 Adductus
1669 1682 1797 1767 quidem
1826 1684 1892 1758 est,
1926 1682 1965 1744 ut
1992 1681 2039 1746 ita

418 1790 567 1862 verteret,
591 1788 813 1854 emendatione
836 1811 895 1852 sua
917 1785 992 1870 ὅπερ
1014 1787 1050 1850 τὸ
1073 1787 1248 1866 βίλιππον,
1272 1809 1367 1872 quam
1397 1809 1494 1874 supra
1515 1785 1664 1854 refutavi.
1709 1786 1823 1872 Neque
1848 1807 1925 1851 vero
1953 1782 2037 1868 ἀπή-

416 1917 535 1972 μαντον
564 1891 721 1980 significat
748 1916 919 1960 vacuum
950 1892 1137 1968 erimine,
1161 1892 1217 1956 sed
1248 1914 1419 1958 vacuum
1448 1891 1710 1970 calamitate,
1738 1892 1896 1957 damno.
1948 1895 2037 1971 πῆμα

418 1997 501 2060 enim
531 2002 581 2062 est
611 1997 844 2073 calamitas,
878 1999 1075 2074 damnum,
1105 1997 1252 2062 omnibus
1280 1997 1358 2062 locis
1388 1997 1442 2082 qui
1470 1997 1597 2084 plurimi
1626 2003 1701 2064 suut
1728 1997 1814 2085 apud
1842 1995 2035 2081 Aeschylum

418 2099 472 2188 (cf.
497 2102 669 2168 Wellaucr.
693 2102 752 2173 lex.
776 2103 923 2190 Aeschyl.
948 2125 972 2170 s.
994 2101 1047 2190 v),
1071 2124 1227 2187 nusquam
1250 2103 1417 2168 crimen.
1463 2100 1591 2168 Chorus
1612 2103 1713 2190 igitur
1728 2108 1830 2188 optat,
1853 2108 1891 2167 ut
1909 2104 2034 2165 tantum

418 2228 554 2272 vacuum
584 2209 625 2274 sit
655 2209 837 2275 calamitate
867 2213 964 2294 atque
991 2209 1107 2273 damno
1137 2211 1291 2292 quantum
1322 2209 1400 2273 satis
1434 2209 1485 2276 sit.
1530 2207 1596 2274 Sed
1622 2208 1843 2274 difficultatem
1877 2206 2034 2292 quandam

418 2312 511 2377 affert
533 2313 609 2378 illud
633 2313 711 2378 ὥστε
732 2313 906 2397 κάπαρκεῖν,
931 2313 1018 2399 quod
1039 2313 1137 2380 Foru.
1162 2313 1246 2378 vict.
1269 2312 1420 2379 exhibent
1441 2319 1475 2379 et
1488 2313 1695 2379 Hermanuus
1717 2315 1748 2378 in
1769 2317 1894 2379 textum
1918 2313 2037 2399 recepit

418 2421 516 2503 atque
537 2420 586 2482 καὶ
610 2416 774 2501 ἀπαρκεῖν,
803 2419 865 2484 ita
887 2421 932 2484 ut
955 2420 1059 2484 satis
1083 2419 1150 2494 sit,
1179 2419 1420 2504 interpretetur.
1465 2419 1511 2484 At
1534 2441 1637 2505 neque
1665 2419 1743 2484 illud
1768 2422 1817 2484 xci
1841 2419 1918 2484 satis
1940 2418 2036 2504 expli·

418 2523 483 2588 cari
506 2527 616 2609 potest
638 2527 671 2588 et
692 2524 721 2588 F
722 2524 781 2589 lor.
806 2523 876 2588 ὥστ’
909 2523 1056 2604 ἀπαρκεῖν
1082 2523 1226 2610 praebet.
1273 2522 1382 2604 Quare
1411 2523 1473 2590 boc
1500 2522 1571 2591 loco
1595 2523 1664 2588 ὥστ’
1690 2523 1837 2603 ἀπαρκεῖν
1857 2524 1975 2611 probo,
2005 2525 2036 2588 in

418 2627 621 2715 antistropha
643 2651 718 2694 vero
740 2630 853 2695 vitium
878 2629 1039 2714 quoddam
1062 2629 1223 2694 occultum
1245 2629 1347 2696 iacere
1376 2631 1530 2716 suspicor.
1576 2628 1723 2710 ἀπαρκεῖν
1749 2633 1800 2694 est
1821 2629 2035 2702 sufficere,

418 2735 527 2800 satis
550 2755 651 2812 csse,
674 2740 712 2798 ut
733 2740 820 2800 recte
841 2734 1047 2800 Hermannus
1078 2740 1110 2800 et
1131 2734 1326 2800 Klaueenius
1356 2735 1525 2821 explicant.
1568 2734 1690 2800 Mirum
1721 2739 1827 2800 autem
1850 2735 1882 2799 in
1906 2735 2035 2800 modum

418 2839 567 2927 Engerus'
594 2839 659 2928 (ed.
689 2838 757 2927 mi.)
786 2843 834 2903 aot
862 2839 1002 2922 ἐπαρκεῖν
1031 2840 1186 2926 explieat3
1217 2840 1296 2918 „der
1318 2840 1436 2906 Reiehe
1466 2840 1543 2905 darf
1567 2863 1602 2906 so
1626 2839 1727 2926 wenig
1754 2862 1811 2904 aus
1834 2839 2036 2906 Uebermutb

417 2945 585 3020 verletaem
608 2945 682 3009 dass
704 2967 740 3010 er
762 2967 859 3032 sogor
880 2950 996 3010 niitzen
1019 2944 1110 3011 soll.“
1154 2945 1238 3010 Nam
1268 2945 1308 3010 de
1337 2945 1490 3011 benevolo
1512 2949 1609 3032 atque
1636 2945 1775 3011 benefico
1798 2946 1906 3011 divitis
1929 2947 2034 3010 animo

417 3049 478 3114 boe
500 3049 572 3114 loco
594 3049 710 3115 chorus
732 3073 796 3115 non
819 3051 953 3137 cogitat,
976 3051 1032 3116 sed
1053 3051 1093 3116 de
1115 3073 1217 3136 aequo
1240 3055 1338 3135 atque
1360 3053 1510 3116 contento
1534 3051 1640 3116 animo
1660 3053 1827 3137 pauperis,
1857 3052 1910 3136 qui
1933 3074 2034 3138 ncque

418 3154 560 3221 abundat
589 3177 692 3239 neque
721 3156 861 3242 indiget,
892 3155 949 3220 sed
978 3157 1078 3221 tantis
1101 3158 1216 3245 opibus
1238 3157 1358 3224 fruitur
1395 3160 1534 3242 quantae
1556 3156 1729 3221 sufficiunt.
1773 3157 1919 3241 Aequam
1944 3179 2027 3222 suam

417 3265 556 3326 mentem
587 3259 703 3325 chorus
733 3260 945 3347 superborum
973 3261 1108 3327 divitum
1139 3263 1244 3328 animo
1271 3263 1380 3348 iniquo
1411 3263 1556 3350 opponit.
1601 3261 1675 3327 Huc
1702 3261 1802 3348 igitur
1827 3262 1934 3327 tendit
1956 3260 2027 3343 πρὸς

416 3365 509 3449 κόρον
531 3366 617 3451 quod
639 3367 701 3430 iam
732 3366 876 3450 sequitur
904 3367 974 3432 voci
1003 3367 1143 3450 ἐπαρκεῖν
1171 3367 1222 3433 vel
1246 3367 1357 3432 melius
1378 3366 1526 3450 ἀπαρκεῖν
1552 3371 1664 3454 aperte
1685 3367 1879 3454 oppositum.
1924 3367 2026 3451 Neque

418 3493 493 3536 vero
524 3493 594 3536 eam
624 3492 686 3555 qua
709 3467 978 3557 Naegelsbachius
1004 3471 1110 3537 locum
1142 3472 1300 3559 explicare
1329 3474 1439 3538 studet
1466 3473 1622 3538 rationem
1651 3471 1861 3558 comprobare
1893 3494 2033 3559 possum.

417 3574 641 3660 ,,ἀπήμανταν,
678 3576 797 3661 inquit,
835 3599 878 3640 sc.
908 3575 1044 3644 τό.....
1063 3576 1212 3660 ἀπαρκεῖν
1232 3585 1282 3642 est
1304 3580 1433 3665 proprie
1456 3577 1610 3645 sufficere.
1656 3579 1729 3643 Hoc
1751 3578 1789 3642 fit
1812 3579 2034 3644 transitivum:

416 3682 533 3758 facere,
557 3686 593 3746 nt
616 3704 674 3746 sua
696 3703 747 3746 res
769 3681 863 3746 alicui
886 3681 1035 3758 sufficiat,
1058 3680 1220 3747 zufrieden
1240 3682 1361 3748 stellen.
1406 3682 1481 3748 Hoc
1502 3685 1528 3747 si
1550 3688 1617 3760 est,
1641 3685 1841 3748 accusativus
1864 3683 2035 3749 adiunctus

418 3789 455 3852 ut
471 3787 519 3870 ed
541 3785 689 3869 ἀρέσκειν.
735 3786 856 3852 Verum
886 3786 948 3852 boc
976 3787 1180 3852 transitivum
1211 3788 1438 3874 potestatium
1461 3809 1529 3854 esse
1551 3812 1612 3876 pro
1633 3789 1755 3867 medio,
1784 3788 1850 3854 sich
1872 3787 2034 3853 zufrieden

417 3891 529 3957 stellen
549 3891 663 3968 laesen,
686 3891 848 3957 zufrieden
871 3893 947 3957 sein.
991 3891 1061 3956 lam
1091 3896 1166 3957 ante
1196 3891 1273 3957 aliare
1304 3893 1427 3980 cogita:
1457 3892 1531 3960 hoc
1554 3895 1659 3959 satie
1683 3899 1760 3970 εεῖ,
1788 3897 1826 3958 ut
1849 3893 1947 3960 rebus
1968 3893 2032 3958 suis

417 3999 587 4063 contentus
608 3997 651 4061 sit
673 3996 770 4062 bomo
793 3998 936 4084 sapiens,
968 3997 1042 4062 dass
1069 3996 1127 4062 der
1151 3997 1259 4063 Weise
1287 3997 1451 4064 zufrieden
1474 4000 1536 4078 sei,
1559 3999 1618 4064 soll
1647 4023 1708 4064 nur
1730 3997 2032 4087 Ungliicklosiglreit

417 4101 599 4168 verbunden
621 4103 720 4170 sein.“
765 4103 876 4168 Vertit
897 4103 1015 4190 igitur:
1044 4101 1137 4179 „Nur
1159 4101 1311 4190 Ungluok
1339 4102 1443 4169 bleibe
1471 4103 1540 4170 fem
1569 4103 1662 4192 (ibam
1685 4102 1926 4187 δ’ἀπήμανταν),
1950 4105 2032 4170 daun

416 4208 497 4274 liisst
518 4208 576 4272 der
599 4207 708 4272 Weise
730 4207 798 4274 sich
821 4215 1001 4295 geniigen.“
1045 4209 1092 4274 At
1114 4209 1253 4296 primum
1277 4209 1405 4294 quidem
1428 4207 1610 4291 ἀπήμαντον
1631 4231 1700 4273 esse
1722 4208 1917 4287 subiectum,
1940 4233 2035 4275 nemo

416 4319 465 4381 eet
498 4314 553 4399 qui
587 4311 718 4398 probet,
753 4336 852 4397 quum
886 4313 940 4378 illa
969 4313 1094 4380 articuli
1122 4315 1251 4380 omissio
1280 4314 1357 4380 ferri
1387 4318 1534 4400 nequeat.
1579 4314 1705 4379 Deinde
1734 4313 1924 4400 significatio
1947 4315 2033 4380 vocis

416 4420 564 4501 ἀπαρκεῖν
585 4421 677 4482 ῖααῖα
700 4419 782 4484 mole
804 4422 934 4484 extorta
961 4419 1057 4484 nullis
1085 4417 1243 4506 probatur
1271 4421 1435 4506 exemplis.
1479 4419 1589 4486 Etiam
1612 4419 1841 4485 sententiarum
1864 4423 2028 4485 contextus

416 4525 463 4590 ito
484 4527 534 4590 est
556 4527 778 4610 comparatus,
802 4529 840 4590 ut
869 4524 930 4590 hoc
958 4524 1028 4591 loco
1058 4525 1099 4591 de
1128 4524 1243 4611 opibus
1272 4546 1354 4609 quae
1376 4525 1454 4590 satis
1477 4526 1541 4589 sint
1563 4524 1616 4609 agi
1638 4525 1846 4602 accessesit,
1878 4547 1970 4611 quum
1991 4521 2025 4584 et

416 4633 491 4696 anto
513 4633 546 4694 et
569 4632 644 4715 post
666 4634 955 4695 commemorentur
976 4651 1054 4717 opes
1076 4630 1168 4694 nimie
1191 4627 1358 4696 affluentes
1381 4633 1479 4715 atque
1500 4628 1698 4694 abundantes
1720 4630 1762 4717 (v.
1780 4638 1854 4697 361.
1876 4627 2027 4716 φλεόντων

417 4731 569 4816 ἀκαμάτων
590 4729 727 4818 ἀπάρφεα
750 4729 825 4817 ἀπέρ
848 4734 882 4798 ui
904 4736 1080 4817 βέλτιστον,
1109 4758 1139 4800 v.
1163 4741 1237 4800 366.
1265 4733 1398 4798 πλούτου
1428 4733 1508 4816 πρὸς
1535 4733 1650 4822 κόραν).
1695 4733 1815 4800 Sensus
1841 4737 1938 4823 igitur
1959 4733 2027 4796 esce

417 4837 585 4904 Utinam
608 4843 771 4905 tantum
794 4861 959 4906 vacuum
984 4841 1041 4906 sit
1061 4842 1205 4908 damno
1235 4845 1279 4905 ut
1302 4841 1408 4905 satis
1438 4840 1496 4905 sit
1518 4861 1633 4924 quum
1656 4842 1747 4925 quis
1770 4864 1908 4906 sanam
1932 4859 2035 4905 men-

417 4948 492 5009 tem
515 4949 662 5011 nactus
685 4948 759 5010 est.
