4554 5612
1004 387 1446 443 *ιε-...-

414 629 478 674 non
508 629 704 694 repugnare,
734 607 797 672 iam
828 607 928 672 exiis
958 628 1040 692 quae
1067 627 1166 694 supra
1193 605 1333 672 diximus
1361 606 1454 674 facile
1479 607 1679 694 intelligitur.
1723 607 1900 674 Verissime
1932 608 2033 696 igitur

414 712 509 778 buius
530 711 592 778 loci
613 712 770 778 sententia
791 710 831 776 ab
853 709 1041 776 Hermanno
1063 711 1108 778 sic
1138 712 1333 799 explicatur:
1357 712 1536 799 „Urget,
1559 718 1597 777 ut
1617 713 1689 798 quis
1708 713 1741 777 in
1756 714 1927 800 perniciem
1948 719 2031 790 ruat,

415 819 551 882 audax
573 818 712 893 suada,
735 817 974 882 consultrix
996 815 1090 881 filia
1112 815 1322 884 effrenata
1344 817 1497 904 culpae.
1543 817 1626 884 Nam
1661 817 1757 884 semel
1779 818 1919 884 admissa
1939 819 2034 906 culpe

415 925 532 989 suadet
554 945 635 1010 opus
657 922 898 1010 potentiamque
920 921 961 986 ad
984 921 1139 987 tuendum
1162 921 1308 988 conferre
1335 923 1422 1008 quod
1444 923 1559 988 iniuria
1579 924 1778 1010 possidetur,
1801 923 2032 990 subministrat-

359 1055 363 1066 *
415 1049 478 1114 que
499 1029 529 1094 ei
550 1029 596 1094 rei
621 1028 781 1094 consilia.“

502 1158 532 1202 v.
556 1142 618 1200 371
642 1123 710 1218 εᾳᾳζ
732 1130 800 1197 Ubi
822 1153 900 1197 vero
921 1131 1074 1198 effrenata
1095 1137 1191 1220 urget
1213 1131 1329 1214 libido,
1359 1133 1480 1198 nullum
1503 1155 1636 1220 prorsus
1659 1133 1834 1199 remedium
1858 1134 2031 1220 quidquam

419 1238 521 1317 valet3
542 1261 696 1326 praeceps
711 1237 809 1302 bomo
831 1238 863 1302 in
885 1239 1055 1324 perniciem
1073 1240 1148 1315 ruit,
1171 1259 1273 1323 neque
1295 1238 1426 1304 divitiae
1447 1243 1580 1304 tuentur
1603 1237 1657 1328 (cf.
1673 1263 1702 1306 v.
1719 1244 1817 1322 365.),
1839 1261 1942 1326 neque
1964 1263 2033 1328 pre-

415 1366 477 1422 ces,
500 1343 615 1429 quibus
637 1365 708 1408 sero
731 1344 920 1408 invocantur
941 1343 995 1421 dii,
1018 1347 1147 1409 servant
1168 1341 1222 1431 (cf.
1244 1367 1273 1410 v.
1297 1343 1395 1432 379.).
1433 1345 1533 1410 Recte
1554 1344 1653 1430 igitur
1668 1342 1742 1418 ἄκος
1757 1347 1790 1408 δὲ
1805 1351 1867 1409 πᾶν
1887 1345 2031 1426 μάταιον,

416 1449 501 1534 quod
523 1471 582 1537 pro
605 1449 759 1515 librorum
783 1446 917 1514 lectione
939 1447 1139 1530 ιιαμμὰταιον
1160 1449 1369 1537 Musgravius
1392 1453 1425 1516 et
1439 1449 1619 1515 Meinekius
1642 1455 1859 1526 correxerunt,
1880 1451 2032 1516 hocloco

414 1555 491 1620 ferri
513 1557 632 1644 potest.
676 1553 908 1620 Verumtamen
940 1553 1103 1640 vulgatam
1138 1553 1291 1620 librorum
1314 1555 1482 1621 lectionem
1504 1554 1578 1622 huic
1600 1555 1813 1620 emendationi
1835 1556 1930 1644 longe
1949 1561 2033 1622 ante·

415 1683 511 1748 pono.
555 1660 640 1727 Nam
664 1659 764 1724 multo
786 1658 903 1724 fortius
925 1657 1003 1724 mihi
1025 1659 1145 1724 dictum
1169 1661 1298 1726 videtur
1325 1659 1399 1734 ἄκος
1421 1661 1455 1723 δὲ
1477 1659 1677 1742 ιιαμμάταιον
1702 1682 1797 1746 quum
1822 1661 1895 1737 ἄκος
1917 1662 1951 1726 δι’
1972 1669 2036 1725 πᾶν

414 1764 555 1846 μάταιον.
599 1764 674 1830 Hoc
696 1763 870 1852 significat:
899 1764 1136 1830 Remedium
1158 1787 1274 1831 omne
1297 1769 1358 1831 est
1381 1787 1543 1842 vanum,
1572 1765 1651 1830 illud
1680 1787 1773 1831 vero:
1796 1765 2032 1832 Remedium

415 1874 476 1935 θεῖ
502 1871 662 1935 omnino
691 1891 837 1934 vanum
866 1869 886 1936 i.
908 1890 934 1936 e.
961 1869 1153 1946 remedium,
1178 1871 1390 1956 quodcunque
1412 1875 1476 1948 est,
1507 1872 1636 1936 omnino
1663 1876 1713 1936 θεῖ
1743 1893 1878 1950 vanum3
1911 1871 2033 1936 nullum

415 1976 592 2040 remedium
614 1975 709 2040 ullam
733 1973 1012 2060 quantulacunque
1026 1978 1076 2040 est
1091 1975 1226 2041 salutem
1241 1975 1344 2044 affert.
1382 1977 1496 2062 ltaque
1511 1997 1618 2052 „non
1640 1976 1680 2042 in
1703 1976 1867 2042 occulto
1889 1983 2032 2055 manet,

415 2081 484 2146 sed
507 2081 726 2167 conspicua
748 2083 812 2144 est
834 2079 901 2144 lux
923 2081 1047 2146 triste
1069 2080 1226 2158 lucens,
1258 2104 1378 2156 noxa,
1406 2083 1426 2148 i.
1449 2103 1476 2148 e.
1503 2081 1536 2145 in
1567 2081 1652 2146 clara
1683 2083 1739 2147 sed
1761 2082 1849 2147 tristi
1871 2080 2036 2170 luce-con·

415 2186 549 2274 spicitur
571 2188 703 2252 eventus
726 2185 800 2250 mali
821 2185 992 2250 facinoris“
1014 2185 1204 2274 (Hermam).
1240 2185 1334 2268 Quae
1355 2210 1454 2273 quum
1478 2187 1566 2252 chori
1581 2185 1679 2252 verba
1694 2187 1726 2252 in
1742 2189 1925 2253 universum
1948 2188 2034 2253 dicta

415 2292 479 2356 sint
501 2291 691 2378 accipienda,
716 2291 802 2376 quod
824 2290 926 2355 omnis
949 2289 1043 2377 culpa
1064 2291 1160 2356 semel
1183 2292 1321 2358 admissa
1342 2315 1377 2358 se
1398 2293 1469 2380 ipsa
1483 2314 1567 2357 nova
1582 2296 1678 2375 atque
1700 2293 1820 2358 maiore
1842 2293 1936 2380 culpa
1951 2295 2035 2358 tueri

415 2400 448 2462 et
469 2419 595 2462 servare
617 2396 744 2472 studet,
765 2401 873 2460 tamen
901 2393 998 2460 nihilo
1030 2397 1133 2461 minus
1156 2397 1286 2484 Engero
1316 2398 1377 2480 (ed.
1401 2397 1476 2486 ma)
1498 2397 1645 2462 assentiri
1666 2397 1758 2474 licet,
1782 2398 1914 2464 chorum
1937 2399 2033 2464 etiam

415 2501 572 2588 respicere
594 2500 733 2579 „bellum
755 2501 797 2565 ad
818 2500 970 2565 tuendam
991 2503 1135 2587 rapinam
1158 2501 1315 2590 (raptum)
1344 2526 1363 2566 a
1384 2501 1502 2568 Paride
1525 2507 1558 2567 et
1576 2502 1723 2568 Troianis
1745 2507 1947 2590 susceptum,
1970 2525 2034 2589 quo
2082 2559 2085 2566 .

415 2606 517 2672 scelus
537 2606 616 2672 illud
643 2629 707 2672 non
737 2610 788 2671 est
809 2606 1004 2671 occultatum
1034 2608 1091 2672 ned
1120 2608 1215 2674 etiam
1247 2609 1347 2694 magis
1375 2608 1581 2696 conspicuum
1611 2608 1787 2684 redditum,
1810 2613 1848 2674 ut
1867 2609 1958 2694 quasi
1978 2609 2034 2673 lux

415 2713 592 2799 perniciosa
613 2713 824 2799 splenderet.“
1671 2716 1672 2719 ’

501 2840 531 2883 v.
556 2825 634 2892 374,
650 2816 771 2884 Statim
794 2841 871 2884 vero
892 2840 951 2905 pro
974 2817 1111 2883 hominis
1133 2817 1262 2905 superbi
1285 2819 1370 2884 melo
1385 2817 1525 2884 facinore
1546 2820 1651 2906 ipsum
1674 2818 1835 2886 hominem
1859 2819 2034 2906 superbum

416 2921 492 2988 mali
512 2923 663 2989 facinoris
685 2928 849 2989 auctorem
878 2922 1048 2990 substituit
1077 2945 1213 3008 eumque
1240 2945 1312 2989 cum
1342 2945 1414 2988 aere
1442 2924 1620 2990 adulterino
1643 2930 1821 3013 comparat.
1867 2922 1959 2988 Sicut
1980 2945 2037 2988 aes

415 3028 628 3094 adulterinum
651 3029 743 3094 initio
766 3029 894 3114 quidem
916 3028 1071 3116 splendet,
1094 3030 1177 3094 tritu
1199 3051 1274 3094 vero
1296 3032 1329 3094 ct
1352 3029 1492 3094 allisione
1518 3031 1645 3116 nigrum
1667 3032 1859 3096 nanciscitur
1880 3029 2033 3108 colorem,

414 3135 461 3200 ita
482 3134 579 3201 bomo
602 3132 759 3221 superbus
781 3134 871 3200 initio
892 3133 1007 3222 opibus
1028 3134 1193 3221 splendet,
1215 3134 1272 3200 sed
1300 3134 1386 3200 baud
1414 3135 1461 3200 ita
1490 3135 1591 3201 multo
1620 3141 1697 3223 post
1726 3159 1767 3201 ex
1794 3137 1910 3202 eventu
1937 3139 2037 3220 atque

415 3240 504 3306 exitu
527 3262 634 3305 rerum
657 3240 864 3304 convincitur.
909 3239 1025 3304 Partes
1047 3260 1124 3304 vero
1147 3241 1404 3327 comparationis,
1427 3262 1478 3306 res
1501 3263 1582 3326 quae
1604 3245 1811 3328 comparatur
1833 3245 1865 3307 et
1886 3263 1938 3307 res
1960 3262 2035 3325 qua

415 3369 487 3411 cum
511 3349 725 3432 comparatur,
748 3367 767 3410 a
789 3344 885 3410 choro
908 3367 972 3410 non
994 3344 1197 3420 distineatur,
1220 3347 1319 3410 immo
1345 3346 1439 3410 etiam
1470 3347 1708 3412 confunduntur
1730 3350 1829 3432 atque
1851 3346 2032 3422 miscentur,

414 3453 462 3516 ita
480 3456 518 3516 ut
534 3451 676 3516 dicatur:
699 3449 800 3515 Mali
823 3455 956 3515 autem
979 3451 1086 3515 aeris
1107 3451 1243 3514 instar
1264 3451 1843 3538 trituetallisionibusniger
1864 3451 1920 3516 fit
1942 3473 2036 3516 con-

414 3555 569 3632 victus,
592 3578 678 3620 nam
692 3606 820 3622 .......
850 3554 966 3621 Verbis
988 3578 1070 3641 quae
1091 3560 1269 3642 sequuntur
1292 3555 1353 3620 insi
1379 3555 1477 3620 διώκει
1502 3583 1529 3621 κ.
1553 3581 1581 3620 τ.
1598 3562 1625 3621 λ.
1647 3579 1775 3623 causam
1791 3557 1882 3622 addit
1905 3557 2033 3632 chorus,

323 3733 326 3740 Ι
414 3661 573 3726 curtulis
602 3660 699 3727 homo
728 3661 944 3726 convincatur.
991 3660 1109 3726 διώκειν
1137 3660 1176 3725 τὰ
1199 3660 1349 3742 πετόμενα
1370 3666 1421 3726 θεῖ
1441 3660 1650 3748 proverbialis
1673 3663 1780 3739 dictio,
1803 3663 1893 3728 cuius
1914 3663 1962 3728 vis
1985 3667 2037 3727 cst

414 3767 562 3854 persequi
590 3766 678 3851 quod
706 3766 849 3852 contingi
877 3767 1005 3851 nequit,
1034 3767 1140 3831 inania
1168 3766 1328 3854 persequi,
1359 3766 1490 3849 ἀκίχητα
1513 3766 1631 3831 tardam
1658 3767 1755 3835 Hom.
1780 3767 1955 3834 11.le1.
1980 3774 2036 3832 75.

413 3871 501 3937 Fieri
528 3893 592 3936 non
614 3873 740 3958 potest,
763 3870 878 3936 chorus
900 3871 1023 3956 inquit,
1047 3873 1123 3956 quin
1153 3871 1251 3937 homo
1277 3871 1416 3936 nefarius
1446 3872 1575 3936 tandem
1606 3873 1829 3950 convincatur3
1863 3895 1937 3938 nam
1963 3895 2032 3938 con-

414 3976 504 4061 sequi
533 3979 639 4042 tentat
668 3996 749 4060 quae
778 3977 906 4042 omnino
928 3999 991 4042 non
1014 3981 1090 4042 sunt
1111 3978 1340 4062 consequenda.
1386 3975 1478 4043 Sicut
1500 3999 1579 4064 puer
1601 3999 1692 4043 avem
1712 3977 1874 4044 volantem
1904 3983 2037 4065 captare

414 4081 540 4160 studet,
569 4081 616 4146 ita
643 4081 784 4146 nefarius
804 4081 910 4146 inania
931 4083 1142 4170 persequitur.

501 4210 532 4254 v.
556 4194 628 4256 378.
654 4185 764 4267 Quum
787 4189 879 4273 pueri
901 4188 1002 4253 instar
1023 4189 1133 4252 inanes
1154 4209 1205 4253 res
1227 4187 1378 4272 consequi
1400 4189 1514 4264 tentet,
1536 4211 1599 4254 non
1614 4189 1683 4275 ipse
1698 4189 1785 4254 solus
1807 4190 1839 4253 in
1862 4189 2033 4276 perniciem

414 4293 495 4370 ruit,
518 4314 629 4358 verum
659 4293 755 4357 etiam
778 4295 881 4358 totam
906 4315 997 4358 suam
1026 4293 1137 4359 urbem
1162 4295 1285 4380 perdit,
1316 4292 1546 4358 intolerabilem
1577 4294 1701 4358 civitati
1734 4293 1854 4359 cladem
1884 4294 2034 4360 inferens.

413 4399 488 4465 Hoc
509 4421 604 4464 versu
626 4397 741 4464 chorus
763 4399 827 4462 iam
849 4398 1008 4486 apertius,
1031 4419 1071 4462 ne
1088 4397 1191 4462 dicam
1213 4398 1431 4485 apertissime,
1454 4397 1605 4463 Paridem
1634 4400 1765 4483 eiusque
1786 4399 1909 4466 facinus
1931 4401 2035 4488 perni-

413 4505 535 4570 ciosum
559 4503 715 4590 designat,
738 4525 931 4588 quamquam
952 4501 1002 4568 vel
1024 4501 1076 4568 hic
1096 4524 1208 4569 versus
1230 4504 1406 4590 generatim
1429 4505 1526 4588 atque
1547 4503 1694 4568 universe
1715 4503 1940 4592 intelligendus
1971 4511 2032 4571 est

369 4685 372 4692 ⁴
412 4608 496 4676 Nam
530 4631 642 4675 revera
673 4608 802 4674 demum
835 4632 865 4674 v.
890 4615 964 4674 382.
998 4607 1041 4672 ad
1069 4607 1220 4675 Paridem
1252 4610 1425 4675 revertitur
1451 4613 1550 4693 atque
1583 4608 1623 4674 de
1651 4631 1687 4672 re
1716 4610 1864 4676 universa
1891 4615 2037 4677 tractare

413 4715 538 4781 desinit.
584 4714 740 4780 Homines
762 4713 873 4779 nefarii
896 4737 960 4780 non
982 4713 1086 4778 solum
1106 4713 1166 4778 sibi
1188 4713 1265 4799 ipsis
1288 4714 1485 4778 calamitates
1511 4712 1652 4779 inferunt
1675 4715 1730 4780 sed
1753 4716 1849 4781 etiam
1873 4717 2032 4793 omnibus,

413 4842 493 4905 quos
526 4821 611 4885 inter
644 4823 677 4885 θῖ
709 4819 797 4905 ipsos
829 4819 913 4884 ratio
946 4819 1102 4904 quaedum
1136 4819 1373 4884 consuetudinis
1407 4823 1440 4883 θῖ
1462 4817 1689 4886 familiaritatis
1711 4821 1898 4897 intercedit,
1930 4843 2033 4906 quum

411 4925 601 5014 plerumque
623 4925 810 4992 societatem
833 4925 908 4990 mali
929 4924 1079 4992 facinoris
1101 4925 1224 5002 ineant,
1246 4924 1334 4990 velut
1361 4924 1424 5011 ipsi
1446 4923 1578 4990 Troiani
1601 4947 1670 4992 sese
1693 4927 1794 4992 socios
1816 4925 1944 4991 Paridis
1967 4947 2033 4990 sce
