4554 5612
1029 383 1188 394 -—-
1234 353 1273 410 τι

530 581 663 642 λιποῦσα
678 573 846 639 δ’όστοΐσιν
861 572 1053 654 όσπίστορας
1100 597 1168 656 στρ.
1183 568 1226 651 ό.
1367 569 1495 653 πόρεστι
1517 577 1606 662 σιγᾷς
1630 569 1740 652 ἄτιμος
1762 569 1964 654 τ’όλοίδορος,

530 681 658 756 κλόνους
679 706 710 746 τε
731 681 780 744 καὶ
802 681 967 762 λογχίμους
982 677 1140 758 ναυβάτας
1367 675 1464 742 όδιστ’
1488 676 1656 763 ἀφειμένον
1676 675 1766 740 idaia·
1998 681 2065 742 395

945 777 1164 864 θ’δπλισμοός,
1367 779 1461 868 πόθῳ
1485 780 1510 844 δ’
1534 777 1739 863 δπερποντίας

530 889 648 974 ἄγουσα
667 889 877 974 τ’όντίφερνον
896 887 976 974 Ἰλίῳ
998 885 1135 972 φθοράν,
1365 885 1476 972 φάσμα
1499 887 1579 964 δόξει
1603 885 1708 967 δόμων
1730 883 1883 952 ιλνόσσειν.

529 995 659 1076 (ilduara
681 993 781 1079 ῥίμφα
805 991 856 1057 διὰ
878 998 988 1070 πυλᾶν,
1366 990 1531 1078 εόμόρφων
1553 992 1586 1056 δὲ
1606 997 1764 1055 κολοσσῶν

530 1100 648 1182 ἰίτλητα
671 1105 786 1164 τλᾶσα·
810 1096 908 1162 πολλὰ
932 1095 1084 1161 δ’δ’στενον
1160 1103 1225 1162 390
1365 1095 1489 1178 όχδεται
1509 1095 1601 1178 χόρις
1622 1093 1728 1178 όνδρί·

529 1204 596 1270 τόδ’
620 1203 793 1278 ἐννέποντες
815 1199 919 1284 δόμων
941 1209 1114 1286 προφῆται·
1250 1223 1252 1257 ¹
1366 1199 1517 1282 όμμότων
1538 1200 1601 1265 δ’όν
1622 1199 1765 1282 ἀχηνίαις
1996 1207 2060 1266 400

529 1309 576 1388 ini,
601 1310 638 1374 lai
661 1311 761 1389 δῶμα,
784 1309 874 1388 δῶμα
894 1307 943 1368 καλ
971 1305 1096 1388 πρόμοι,
1363 1305 1442 1388 ἔρρει
1465 1303 1536 1370 πᾶό
1557 1305 1736 1390 Ἀφροδίτα.

528 1415 565 1479 lai
586 1413 673 1496 λίχος
695 1411 745 1476 καλ
769 1413 868 1490 στίβοι
895 1409 1067 1496 φιλάνορες.
1250 1374 1252 1511 l

528 1519 626 1586 Malis
652 1537 733 1602 quac
755 1513 902 1581 omnibus
924 1511 1054 1601 Argivis
1077 1521 1152 1583 sunt
1173 1517 1264 1582 illata
1285 1517 1470 1582 summatim
1494 1519 1590 1601 atque
1607 1515 1746 1582 breviter
1761 1517 1929 1603 descriptis
1945 1516 2059 1582 chorus

441 1650 472 1691 v.
496 1630 682 1693 sse-407
707 1621 906 1687 calamitates
928 1628 1067 1698 enarrat,
1089 1645 1168 1707 quas
1190 1623 1315 1688 Helena
1338 1623 1440 1686 viram
1464 1622 1600 1688 alienum
1629 1624 1739 1686 secuta
1762 1621 1912 1688 Menelao
1933 1623 2059 1708 coniugi

441 1731 597 1798 attulerit.
650 1725 809 1794 Omnibus
837 1727 903 1791 suis
937 1727 1058 1792 civibus
1086 1727 1212 1793 Helena
1241 1727 1450 1816 clipeatorum
1479 1731 1576 1811 atque
1604 1725 1806 1792 hastatorum
1838 1728 1997 1810 tumultus
2025 1733 2058 1792 et

440 1841 611 1903 nautarum
634 1837 839 1916 armaturam,
862 1831 883 1895 i.
903 1854 931 1896 e.
955 1855 1079 1919 pugnas
1101 1833 1266 1919 pedestres
1290 1832 1479 1918 laboresque
1500 1832 1638 1908 navales,
1659 1832 1798 1917 reliquit,
1822 1855 1920 1918 quum
1942 1831 2059 1898 Troiae

441 1965 501 2032 pro
532 1941 610 2006 dote
642 1937 813 2026 perniciem
842 1936 975 2003 afferens
1004 1937 1156 2004 velociter
1184 1961 1242 2026 per
1268 1938 1458 2006 Atridarum
1486 1938 1602 2006 domus
1633 1943 1743 2026 portas
1770 1939 1976 2026 egrederetur
1996 1962 2058 2004 non

441 2045 587 2113 audenda
608 2044 736 2112 audens.

527 2173 558 2216 v.
581 2155 654 2216 387.
688 2149 942 2214 emendationem
976 2147 1125 2214 Ahrensil
1159 2148 1288 2223 κλόνους
1320 2175 1352 2213 τε
1385 2151 1433 2213 καί
1467 2151 1631 2232 λογχίμους
1664 2147 1822 2228 ναυβότας
1852 2145 2060 2232 θ’όπλισμοός

441 2262 575 2346 propter
596 2276 708 2320 versus
730 2253 950 2340 antistrophae
972 2253 1140 2320 lectionem
1163 2255 1195 2318 in
1216 2259 1344 2318 textum
1366 2256 1482 2342 recepi.

527 2384 558 2426 v.
582 2367 655 2428 389.
691 2359 821 2437 (aldam
853 2381 924 2424 cum
948 2358 1046 2424 Fara.
1070 2359 1193 2428 Victor.
1217 2359 1307 2446 leg03
1342 2359 1392 2422 διὰ
1423 2366 1523 2423 πυλᾶν
1544 2360 1584 2425 de
1607 2359 1795 2425 Atridarum
1818 2359 1934 2426 domus
1956 2359 2058 2448 portis

440 2466 640 2554 intelligatur
662 2485 788 2530 necesse
811 2468 861 2529 est
883 2462 935 2546 (cf.
958 2462 1115 2530 Klausen.
1136 2465 1158 2528 i.
1181 2464 1210 2532 h.
1235 2465 1277 2548 l).

527 2594 559 2636 v.
590 2578 665 2637 391.
700 2568 857 2650 Quaestio
889 2569 1049 2646 exeritur,
1084 2571 1139 2654 qui
1173 2569 1237 2635 sint
1268 2570 1321 2636 isti
1358 2569 1464 2650 δόμων
1491 2576 1659 2654 προφῆται.
1704 2567 1982 2650 Schneidewinua,
2006 2569 2059 2654 qui

440 2677 647 2744 Welckerum
671 2675 825 2761 sequitur,
848 2673 1006 2740 Troianos
1029 2678 1129 2752 vates,
1153 2674 1311 2740 Helenum
1335 2680 1369 2740 et
1392 2673 1625 2749 Cassandram,
1647 2675 1702 2758 qui
1723 2675 1866 2740 Helenae
1888 2675 2059 2742 adventum

440 2782 587 2848 Troianis
610 2780 911 2868 perniciosissimum
934 2779 1005 2846 fore
1031 2779 1198 2846 vaticinati
1227 2781 1308 2856 sint,
1339 2780 1562 2867 intelligendos
1588 2801 1658 2845 csse
1684 2783 1779 2866 putat
1806 2786 1840 2845 et
1866 2781 2059 2867 ingeniosius

442 2909 538 2973 quam
554 2887 659 2952 verius
682 2884 760 2950 illud
780 2884 964 2952 vaticinium
981 2885 1021 2952 de
1035 2886 1183 2952 Troianis
1198 2886 1438 2974 interpretatur.
1476 2885 1622 2953 Primum
1639 2886 1813 2970 quaeritur,
1837 2885 1914 2971 quid
1930 2886 2061 2966 βόλανεν

441 2992 542 3078 ῥίμφα
571 2991 622 3055 διό
651 2995 750 3054 πυλᾶν
780 2989 945 3076 significet.
993 2989 1252 3056 Schneidewinus
1282 2992 1410 3076 quidem
1440 2990 1518 3056 illud
1546 2990 1587 3055 ad
1616 2995 1727 3077 portas
1755 2990 1872 3056 Troiae
1899 2989 1950 3056 vel
1979 2992 2061 3056 arcis

439 3095 677 3164 Priamidarum
700 3099 844 3182 spectare
866 3096 1039 3161 existimat.
1084 3095 1132 3161 At
1154 3097 1194 3162 de
1216 3096 1333 3162 Troiae
1356 3097 1458 3183 portis
1486 3097 1546 3161 nisi
1568 3096 1679 3161 durius
1701 3095 1835 3182 intelligi
1855 3119 1920 3162 non
1941 3099 2060 3182 potest.

439 3201 522 3268 Nam
545 3200 632 3266 haud
654 3200 749 3266 dubie
770 3199 850 3267 haec
871 3199 970 3266 verba
990 3203 1121 3282 βέβακεν
1144 3201 1243 3287 ῥίμφα
1267 3200 1318 3266 διὰ
1341 3207 1440 3265 πυλᾶν
1462 3199 1580 3284 ἄτλητα
1602 3206 1702 3264 τλᾶσα
1731 3193 1899 3266 referenda
1920 3205 1997 3266 sunt
2020 3200 2060 3265 ad

438 3307 492 3373 illa
514 3329 596 3392 quae
618 3305 812 3393 praecedunt
828 3303 933 3387 Πόρις
954 3303 1057 3370 laeta
1072 3307 1103 3382 λς
1118 3305 1216 3388 δόμον
1238 3306 1293 3371 τόν
1312 3306 1472 3388 Ἀτρειδᾶν
1492 3332 1521 3370 κ.
1539 3331 1566 3373 τ.
1582 3311 1610 3370 λ.
1655 3305 1749 3373 Paris
1771 3307 1934 3394 ingressus
1957 3311 2009 3372 est
2029 3307 2059 3370 in

441 3413 570 3477 domum
593 3410 793 3483 Atridarum,
816 3409 940 3476 Helena
961 3433 1089 3498 egressa
1110 3433 1150 3476 ex
1171 3433 1282 3477 eoram
1306 3411 1419 3488 domo;
1453 3411 1547 3478 Paris
1576 3413 1798 3498 turpissimum
1826 3411 1950 3478 faenus
1980 3435 2059 3478 com-

440 3518 528 3582 misit
550 3520 646 3602 raptu
667 3514 827 3592 Helenae,
858 3513 984 3582 Helena
1011 3539 1074 3582 non
1098 3515 1246 3581 audenda
1275 3538 1367 3596 arrasa¹
1383 3520 1432 3581 est
1458 3516 1639 3581 adulterum
1663 3522 1781 3584 secuta.
1826 3516 1911 3582 lllud
1931 3517 2059 3597 μίβακει

441 3622 551 3706 ῥίμφα,
575 3621 654 3687 ivit
669 3621 814 3707 raptim
830 3621 850 3688 i.
866 3641 892 3688 e.
908 3621 950 3686 fu
959 3621 1038 3708 git,
1061 3620 1240 3687 necessario
1257 3621 1392 3706 requirit
1407 3623 1579 3687 terminum
1596 3621 1681 3686 unde
1695 3620 1790 3708 fugit,
1808 3646 1872 3689 non
1888 3645 1952 3708 quo
1967 3622 2058 3710 sugit.

440 3727 505 3792 lvit
527 3727 645 3813 raptim
669 3747 727 3812 per
748 3725 937 3790 Atridarum
960 3729 1072 3812 portas
1097 3726 1124 3790 si
1145 3725 1281 3804 dicitur,
1305 3726 1463 3814 optimum
1493 3725 1626 3814 praebet
1653 3747 1799 3804 sensum;
1823 3728 1880 3793 sed
1902 3729 1979 3815 quid
2001 3729 2057 3794 sibi

440 3831 533 3908 velit,
558 3831 584 3896 ai
613 3831 740 3897 dicatur
768 3831 826 3896 ivit
854 3831 971 3918 raptim
1002 3829 1051 3896 vel
1074 3829 1159 3918 fugit
1181 3832 1214 3896 in
1236 3830 1358 3896 Priami
1380 3831 1484 3898 aedes.
1528 3829 1641 3916 Neque
1663 3854 1740 3897 vero
1761 3831 1878 3914 ότλητα
1900 3839 2000 3899 τλᾶσα
2022 3833 2058 3898 de

440 3938 587 4023 ingressu
608 3935 714 4024 (fuga)
741 3936 773 4000 in
795 3935 1031 4000 Priamidarum
1059 3935 1209 4014 domum,
1243 3937 1300 4001 sed
1329 3935 1368 4002 ale
1397 3957 1529 4022 egressu
1550 3935 1655 4026 (fuga)
1685 3960 1725 4003 ex
1747 3937 1935 4004 Atridarum
1966 3939 2058 4005 domo

438 4041 573 4129 intelligi
588 4045 706 4127 potest.
750 4039 825 4107 Hoc
840 4043 910 4106 erat
927 4039 1069 4107 llelenae
1088 4041 1211 4108 lacinus
1226 4064 1291 4108 non
1307 4041 1500 4118 audendum,
1523 4043 1609 4127 quod
1627 4044 1733 4108 mariti
1754 4043 1886 4109 domum
1910 4044 2057 4109 deseruit

529 4144 627 4226 Quod
650 4167 747 4230 quum
770 4145 838 4212 lieri
862 4146 1058 4233 conpescit,
1082 4148 1158 4233 quin
1181 4148 1213 4214 in
1236 4146 1342 4213 verbis
1366 4143 1473 4227 δόμιον
1495 4153 1651 4231 προφῆται
1673 4147 1752 4212 illud
1774 4147 1879 4228 δόμων
1900 4150 1941 4214 ad
1964 4149 2058 4216 verba

440 4273 523 4337 quae
545 4250 750 4338 praecedant,
773 4251 804 4326 lc
826 4249 924 4332 δόμον
944 4257 978 4318 et
997 4249 1049 4315 διὰ
1068 4259 1177 4330 πυλᾶν,
1201 4251 1371 4332 referatur,
1393 4250 1470 4318 nihil
1488 4251 1574 4316 aliud
1596 4254 1700 4316 restat
1713 4251 1773 4315 nisi
1796 4256 1833 4316 ut
1855 4251 1961 4334 δόμων
1982 4279 2059 4336 προ-

441 4363 537 4442 φῆται
560 4356 676 4442 Argivi
697 4357 788 4421 vates
818 4355 1047 4442 intelligantur.
1091 4357 1227 4424 Accedit
1249 4356 1335 4441 quod
1362 4356 1546 4422 vaticinium
1570 4376 1746 4420 moerorem
1769 4360 1802 4422 et
1822 4356 1945 4422 luctum
1968 4360 2056 4424 nnius

440 4461 557 4528 domus
579 4461 758 4537 annuntiat,
782 4461 837 4545 qui
866 4460 1040 4526 calamitati
1063 4463 1227 4528 universae
1251 4459 1407 4528 Graeciae
1428 4461 1603 4549 opponitur
1626 4457 1679 4540 (cf.
1694 4482 1724 4528 v.
1739 4467 1813 4528 408.
1828 4462 1926 4551 409.).
1949 4463 2054 4550 Neque

439 4589 517 4633 vero
538 4565 616 4630 haec
636 4586 701 4629 nna
722 4565 836 4630 domus
857 4566 981 4632 Priami
1002 4587 1071 4632 esse
1093 4569 1213 4654 potest,
1235 4565 1333 4632 immo
1351 4567 1540 4634 Atridarum
1556 4563 1605 4630 vel
1620 4565 1728 4651 potios
1742 4566 1842 4653 ipsius
1856 4567 1997 4634 Menelai
2018 4567 2058 4633 sit

440 4673 579 4758 oportet.
612 4669 723 4736 Etiam
738 4668 881 4756 singulae
896 4671 990 4738 huius
1006 4671 1145 4738 vaticinii
1165 4693 1216 4738 rsa
1232 4675 1342 4760 aperta
1356 4672 1473 4736 docent
1487 4673 1576 4736 vates
1592 4691 1661 4736 esse
1675 4670 1829 4758 Argivosr
1851 4671 1930 4738 illud
1945 4671 2057 4754 πρόμοι

440 4774 484 4862 (v.
496 4779 583 4862 392.)
593 4775 728 4842 Atridas
738 4773 791 4858 (cf.
804 4799 833 4843 v.
844 4775 929 4864 187.)
939 4773 1112 4864 significat3
1128 4771 1315 4862 όπιρπόντιο
1327 4773 1369 4864 (v.
1383 4773 1472 4862 394.)
1483 4777 1533 4840 est
1547 4796 1629 4860 quae
1644 4778 1733 4842 trans
1749 4799 1835 4843 mare
1850 4781 1997 4844 versatur
2007 4773 2056 4858 (cf.

441 4877 543 4967 Supp.
559 4889 621 4958 41,
648 4880 787 4969 Sophos.
810 4882 920 4969 Antig.
937 4886 1042 4965 786.);
1065 4879 1278 4968 ὀνειρόφαντοι
1299 4877 1491 4962 πενθήμονες
1506 4907 1531 4944 κ.
1547 4903 1573 4944 τ.
1590 4887 1616 4944 λ.
1640 4879 1685 4970 (v.
1701 4889 1765 4949 402
1780 4881 1865 4970 sqq.)
1880 4883 1921 4948 de
1934 4882 2056 4948 Helena
