4554 5612
856 421 1296 479 *13*

265 643 342 709 len's
362 640 590 730 praebuerunt,
614 663 714 726 quum
737 639 895 708 Helenam
918 644 1045 728 raptam
1071 642 1203 728 Argivis
1231 641 1363 732 reddere
1386 649 1570 710 recusarent
1592 644 1773 732 bellumque
1794 648 1888 714 istius

265 747 405 813 mulieris
427 768 525 812 causa
545 747 755 833 susciperent.
801 746 918 823 „Paris
940 769 1016 812 vero
1037 747 1143 812 inania
1165 767 1311 834 sperasse
1332 748 1465 825 dicitur,
1500 771 1599 834 quum
1621 773 1655 816 se
1685 750 1768 818 bello
1790 753 1887 820 victo-

263 874 331 919 rem
353 851 423 917 fore
445 851 605 918 credidit“
627 851 819 939 (Hermen).

350 1016 382 1058 v.
407 999 470 1058 879
494 1014 563 1078 sqq.
588 989 705 1058 Clades
728 995 827 1077 atque
848 991 1022 1069 calamitas,
1045 1015 1141 1077 quam
1164 991 1304 1057 nefarius
1326 992 1377 1058 ille
1399 992 1459 1058 sibi
1489 995 1623 1081 urbique
1645 997 1760 1075 infert,
1783 1022 1889 1085 neque
1938 1065 1942 1076 ,

262 1096 343 1164 ferri
373 1096 524 1184 (ἄφερτον
553 1095 764 1184 πρόςτρτμμο)
794 1119 896 1182 neque
926 1099 1027 1163 averti
1056 1101 1183 1185 potest3
1217 1120 1327 1185 preces
1356 1097 1462 1164 nullus
1491 1100 1552 1164 iam
1582 1100 1714 1166 deorum
1746 1105 1886 1184 exaudit,

265 1203 367 1268 immo
389 1224 467 1268 vero
490 1202 567 1268 deus
590 1201 703 1265 barum
726 1206 900 1278 auctorem,
922 1203 1026 1268 virum
1049 1203 1212 1280 iniustum,
1236 1205 1351 1290 perdit.
1375 1241 1420 1252 -
1449 1201 1559 1283 Quum
1582 1208 1676 1270 ariade
1696 1207 1759 1271 iam
1783 1214 1888 1276 metro

266 1307 419 1394 vulgatae
440 1306 583 1372 lectionis
605 1305 759 1394 strophae
790 1305 867 1374 tiara
898 1307 1064 1390 adnupxa'v
1090 1313 1250 1395 repugnet
1279 1307 1354 1396 (pro
1383 1307 1473 1375 brevi
1496 1310 1578 1374 enirn
1600 1310 1714 1376 ultima
1736 1313 1767 1378 in
1792 1317 1890 1380 τῶνδε

268 1411 392 1501 syllaba
419 1413 592 1497 requiritur
618 1411 744 1500 longa),
767 1411 988 1478 Blomfieldiua
1015 1409 1135 1477 τούτων
1168 1414 1303 1501 scripsit.
1349 1417 1503 1480 Attamen
1534 1437 1632 1500 quum
1655 1417 1785 1504 vulgata
1807 1421 1889 1484 stro

269 1518 352 1606 phae
382 1517 475 1582 lectio
508 1517 594 1581 haud
628 1515 724 1582 dubie
756 1514 811 1604 (ct
835 1540 909 1604 pag.
936 1519 1000 1602 10.)
1031 1517 1161 1583 lectioni
1192 1517 1279 1586 Flor.
1312 1517 1383 1584 ὅστ’
1416 1519 1563 1602 ἀπαρκεῖν
1590 1523 1812 1608 postponenda
1834 1526 1886 1602 sit,

268 1623 463 1690 Klauscnius
493 1622 657 1687 verissime
685 1619 748 1686 hoc
776 1621 846 1687 loco
870 1629 933 1686 τῶν
961 1644 1021 1709 pro
1045 1625 1141 1687 τῶνδε
1163 1626 1350 1711 proposuit,
1375 1624 1461 1711 quod
1483 1624 1661 1692 Ahrensius
1684 1627 1832 1715 probavit
1854 1633 1891 1696 et

268 1727 537 1817 Naegelsbacbius
564 1729 597 1792 in
628 1729 753 1792 textum
781 1729 912 1814 recepit.
957 1727 1105 1812 Namque
1132 1728 1171 1794 de
1198 1729 1259 1794 hoc
1289 1730 1414 1795 articuli
1441 1753 1502 1796 usu
1524 1730 1607 1797 inter
1630 1755 1738 1797 omnes
1761 1737 1889 1799 constat

267 1835 319 1916 (cf.
343 1835 497 1902 Hermen.
520 1834 553 1898 in
576 1833 691 1919 Agam.
716 1835 768 1918 7.).
815 1831 1084 1920 Quod'Engerus
1106 1831 1261 1920 (admo.)
1284 1835 1372 1912 dicit,
1394 1836 1455 1901 hoc
1477 1835 1548 1901 loco
1570 1836 1739 1902 articulum
1763 1839 1808 1902 ita
1825 1862 1888 1904 non

265 1945 353 2006 recte
384 1961 454 2004 esse
483 1937 689 2013 collocatum,
717 1961 781 2003 non
807 1937 922 2026 probo.
967 1939 1006 2004 ln
1035 1939 1186 2004 trimetro
1215 1939 1343 2024 quidem
1376 1941 1473 2006 talem
1496 1942 1620 2006 articuli
1643 1943 1888 2009 demonstrativi

265 2045 509 2112 collocationem
533 2043 711 2130 impugnari
734 2042 838 2130 posse,
862 2043 1049 2110 Kiencrtius
1072 2048 1194 2131 (progr.
1218 2043 1315 2110 schol.
1341 2043 1472 2111 Coislin.
1489 2071 1517 2111 a.
1541 2053 1649 2129 1856.)
1672 2071 1745 2112 vere
1761 2049 1890 2128 docuit;

265 2153 300 2216 in
324 2149 442 2214 melicis
462 2170 539 2214 vero
560 2147 752 2214 carminibus
775 2147 867 2214 aliter
889 2172 957 2215 rem
973 2172 1007 2215 se
1026 2149 1153 2226 babere,
1177 2150 1245 2236 ipse
1267 2151 1413 2237 exemplo
1427 2151 1577 2238 Aeschyl.
1602 2151 1690 2240 Sept.
1708 2160 1782 2219 887.
1805 2177 1889 2218 com-

268 2254 398 2342 probat.
443 2253 507 2320 Sed
530 2255 705 2339 quaeritur,
730 2277 792 2340 quo
816 2255 859 2320 sit
881 2263 943 2319 τῶν
964 2255 1176 2321 referendum.
1222 2255 1419 2342 interpretes
1445 2258 1532 2342 quod
1548 2259 1643 2322 sciam
1667 2281 1776 2323 omnes
1793 2261 1888 2323 τῶνδε

267 2359 359 2448 (τῶν)
381 2357 521 2424 referunt
537 2359 579 2424 ad
593 2358 671 2424 illud
688 2357 823 2444 ἄφερτον
845 2359 1053 2442 πρόςτριμμα,
1076 2363 1112 2426 ut
1128 2360 1285 2448 significet
1305 2361 1492 2446 ἐπίστροφον
1514 2365 1609 2427 τῶνδε
1632 2365 1758 2440 „active
1780 2367 1888 2429 aucto-

269 2486 335 2528 rem
359 2465 414 2549 qui
434 2463 544 2529 intulit
565 2465 638 2529 urbi
657 2463 736 2528 illud
761 2463 896 2549 ἄφερτον
918 2463 1139 2548 πρόςτριμμα“
1164 2465 1364 2554 (Hermen.);
1387 2466 1464 2531 mihi
1484 2490 1558 2532 vero
1575 2470 1677 2554 magis
1699 2469 1891 2534 conveniens

269 2591 337 2634 esse
357 2569 493 2645 videtur,
517 2577 580 2633 τῶν
602 2569 714 2634 referri
737 2569 778 2633 ad
802 2575 906 2642 λιτᾶν,
935 2573 973 2634 ut
1002 2571 1045 2634 alt
1067 2569 1254 2655 ἐπίστροφος
1278 2577 1341 2635 τῶν
1370 2573 1397 2636 is
1428 2573 1481 2658 qui
1510 2573 1543 2638 in
1566 2573 1712 2660 precibus
1732 2578 1888 2650 versatur,

271 2675 323 2759 qui
344 2674 491 2763 precibus
515 2675 592 2740 deos
615 2677 752 2740 invocat.
797 2673 907 2739 Homo
930 2675 1067 2740 iniustus
1090 2675 1142 2758 (cf.
1167 2700 1196 2740 v.
1220 2683 1293 2742 367.
1317 2677 1493 2741 λακτίσαντι
1515 2679 1612 2762 μέγαν
1633 2682 1733 2753 Δίκας
1755 2680 1886 2760 βωμόν),

271 2781 392 2846 etiamsi
414 2780 561 2868 precibus
584 2781 661 2847 deos
683 2781 820 2857 invocat,
844 2784 953 2846 tamen
975 2805 1039 2846 non
1061 2785 1217 2859 servatur,
1241 2783 1297 2847 sed
1320 2784 1360 2846 ad
1383 2783 1547 2847 interitum
1570 2784 1645 2849 ruit.
1683 2782 1766 2849 Nam
1790 2785 1888 2850 iusto

270 2908 340 2950 rum
363 2885 433 2973 pias
453 2908 564 2972 preces
587 2887 630 2950 dii
653 2886 829 2952 exaudiunt
852 2885 904 2968 (cf.
928 2884 1020 2972 Sept.
1047 2893 1118 2954 155.
1142 2885 1241 2976 607.),
1264 2888 1456 2954 iniustorum
1479 2893 1586 2954 autem
1608 2889 1724 2978 impias
1746 2912 1890 2954 aversan-

270 2995 324 3057 tur
345 2992 544 3077 iniustosque
566 2992 653 3078 ipsos
675 2992 785 3079 poenis
809 2996 1052 3080 persequuntur.

356 3153 387 3196 v.
418 3137 490 3200 382.
526 3129 655 3198 Chorus
684 3134 738 3217 qui
764 3133 839 3198 iude
869 3155 889 3196 a
921 3155 951 3200 v.
976 3139 1049 3198 355.
1072 3129 1114 3197 ad
1144 3157 1172 3203 v.
1197 3141 1272 3200 381.
1305 3135 1338 3198 in
1371 3135 1552 3200 universum
1575 3134 1708 3200 deorum
1731 3157 1889 3200 summam

265 3237 424 3302 iustitiam
455 3242 488 3302 et
514 3239 710 3324 potentiam,
741 3260 804 3323 qua
832 3236 1010 3303 facinorum
1041 3260 1159 3325 poenas
1189 3238 1230 3303 ab
1258 3239 1364 3326 impiis
1392 3243 1559 3327 repetunt,
1589 3240 1738 3306 laudibus
1761 3241 1887 3318 extulit,

266 3367 298 3408 v.
322 3349 396 3408 388.
419 3342 462 3407 ad
483 3343 634 3408 Paridem
656 3344 844 3418 revertitur,
876 3344 930 3428 qui
952 3348 1049 3431 raptu
1073 3345 1215 3410 Helenae
1237 3345 1425 3432 gravissimo
1457 3345 1573 3410 scelere
1595 3367 1630 3410 se
1651 3346 1825 3411 obstrinxit
1846 3345 1889 3412 ob

270 3469 401 3532 eamque
424 3470 491 3512 rem
515 3469 587 3538 cum
610 3448 759 3512 universa
781 3447 860 3514 urbe
882 3448 1024 3514 debitam
1048 3471 1182 3537 poenam
1205 3450 1275 3514 luit.
1321 3449 1387 3516 Sed
1417 3473 1515 3536 quum
1538 3452 1602 3515 iam
1624 3452 1716 3517 initio
1741 3451 1890 3516 carminis

271 3572 405 3638 poenam
444 3569 537 3638 quam
561 3553 693 3618 Troiani
728 3553 806 3619 dant
841 3553 1028 3620 indicaverit
1057 3559 1091 3621 et
1119 3556 1152 3620 in
1181 3555 1251 3642 ipso
1279 3557 1418 3621 carmine
1446 3555 1486 3621 de
1511 3578 1547 3621 rc
1571 3557 1721 3622 universa
1747 3559 1891 3622 tractans

268 3676 367 3742 saepe
388 3659 573 3742 respexerit,
595 3681 679 3724 nunc
702 3681 765 3724 non
787 3660 949 3746 copiosius
972 3682 1043 3726 eam
1066 3660 1207 3747 exponit.

1040 3852 1072 3942 a
1095 3862 1125 3921 r.

354 4005 487 4074 Chorus
517 4007 571 4091 qui
602 4008 734 4094 stropha
761 4010 866 4097 prima
894 4013 992 4095 atque
1020 4009 1222 4096 antistropha
1251 4012 1408 4076 miseriam
1440 4013 1625 4100 descripsit,
1655 4035 1719 4098 qua
1741 4014 1774 4078 et
1795 4013 1892 4080 Paris

266 4113 334 4197 ipse
356 4118 390 4178 ct
412 4113 563 4177 universa
584 4112 795 4180 Troianorum
818 4117 932 4181 civitas
954 4139 1074 4203 poenas
1097 4116 1271 4192 dederunt,
1296 4117 1396 4182 multo
1420 4118 1522 4204 magis
1545 4139 1583 4182 ea
1605 4118 1732 4184 miseria
1754 4141 1890 4184 commo·

269 4221 377 4294 vetur,
400 4240 464 4302 qua
486 4219 612 4304 etipse
634 4217 801 4285 Menelaus
832 4226 865 4286 ct
887 4223 1034 4287 universa
1058 4219 1195 4288 Graecia
1220 4221 1348 4289 Paridis
1371 4222 1493 4288 nefario
1515 4221 1657 4289 facinore
1679 4228 1754 4289 sunt
1777 4224 1890 4294 affecti.

271 4319 364 4384 Hanc
384 4321 481 4407 igitur
503 4323 653 4411 deplorat
684 4325 809 4392 duabus
838 4327 981 4413 strophis
1010 4330 1044 4393 et
1072 4327 1283 4414 antistrophis
1311 4349 1391 4412 quac
1413 4333 1600 4412 sequuntur.
1648 4327 1714 4394 Sed
1736 4351 1834 4414 quum
1858 4335 1891 4394 et

268 4424 332 4512 ipsi
355 4426 496 4505 Atridae,
518 4429 676 4516 imprimis
699 4431 933 4518 Agamemnon,
956 4431 1050 4496 buius
1073 4433 1219 4498 miseriae
1242 4437 1377 4520 propter
1400 4433 1563 4499 mulierem
1587 4434 1764 4499 adulteram
1788 4455 1892 4499 suam-

266 4549 331 4614 que
353 4529 497 4615 ipsorum
524 4535 658 4620 gloriam
688 4537 856 4602 universae
880 4536 1034 4604 Graeciae
1062 4537 1182 4602 illatae*
1197 4538 1261 4603 sint
1292 4543 1452 4614 auctores,
1476 4540 1564 4626 ipsos
1594 4540 1726 4605 Atridas
1756 4540 1890 4605 deorum

264 4636 410 4701 vindicta
432 4644 557 4703 maneat
577 4643 724 4728 oportet;
751 4665 826 4708 narn
857 4642 973 4719 abiis,
1003 4643 1057 4728 qui
1088 4640 1206 4708 multos
1236 4643 1351 4709 civium
1384 4645 1481 4709 morti
1502 4645 1674 4721 dederunt,
1705 4643 1749 4733 dii
1771 4661 1892 4729 poenas

265 4745 426 4828 repetunt.
475 4743 529 4808 lta
558 4744 671 4810 chorus
703 4749 799 4812 etiam
830 4748 891 4814 hoc
921 4748 1059 4814 carmine
1087 4748 1218 4834 perinde
1245 4753 1343 4833 atque
1373 4751 1497 4836 parodo
1519 4753 1630 4836 aperte
1653 4753 1772 4813 metum
1796 4767 1890 4810 suum

268 4845 398 4924 indicat,
421 4869 463 4913 ne
494 4848 591 4916 duces
615 4852 755 4918 victores
786 4853 869 4918 mala
895 4875 964 4918 sors
992 4853 1154 4940 opprimat
1176 4857 1273 4937 atque
1294 4855 1428 4942 perdat,
1451 4855 1574 4940 sibique
1596 4858 1705 4941 opt-at,
1728 4855 1767 4917 ut
1787 4872 1892 4936 neque

268 4950 393 5017 urbium
415 4959 563 5021 vastator
586 4960 618 5022 et
639 4957 786 5047 direptor
808 4958 987 5025 celebretur
1008 4980 1111 5044 neque
1132 4980 1296 5024 servorum
1321 4961 1420 5048 degat
1443 4960 1651 5025 miserrimam
1675 4961 1785 5024 vitam.
