4554 5612
903 451 1057 458 m„
1103 417 1122 475 ρ
1169 449 1322 459 --..

301 638 358 704 sed
389 638 524 704 omnia
553 639 740 724 capiens,
768 637 869 704 alles
895 637 1087 726 fengend.
1132 638 1171 703 ld
1200 661 1277 704 vero
1308 638 1409 703 multo
1436 639 1544 725 aptius
1572 643 1668 723 atque
1695 639 1857 728 pulchrius
1879 640 1920 705 de

302 748 354 810 ate
376 745 446 830 ipsa
468 745 575 809 omnia
598 745 756 830 capiente,
780 766 875 829 quam
898 744 938 810 de
959 745 1021 836 reti
1042 745 1247 831 praedicatur
1269 765 1333 828 quo
1355 744 1462 810 omnia
1484 745 1580 830 capit.
1625 745 1800 810 Praeterea
1821 747 1918 812 etiam

300 848 490 935 significatio
512 849 599 914 vocis
622 848 803 924 πανᾶλωτος
831 873 894 916 non
919 851 1022 914 minus
1044 849 1172 914 fortiter
1194 871 1305 914 vocem
1329 851 1468 923 ἄουλιιίις
1489 852 1616 926 tuetur,
1640 871 1734 934 quam
1758 875 1822 916 vox
1843 850 1919 934 yc'y-

299 979 409 1037 γσμσν.
456 954 604 1040 Utraque
633 954 716 1018 enim
746 955 787 1019 ad
816 956 1005 1020 servitutem
1033 977 1097 1020 non
1120 955 1162 1018 ad
1185 954 1314 1019 eaedem
1337 957 1472 1038 spectat.
1518 952 1617 1034 Quod
1645 956 1746 1042 igitur
1775 956 1837 1022 hoc
1858 955 1919 1020 reti

300 1081 411 1139 omnes
433 1060 465 1124 in
487 1062 676 1125 servitutem
698 1059 890 1146 rediguntur
919 1064 952 1126 et
981 1061 1109 1126 invenes
1131 1064 1165 1126 et
1187 1081 1293 1135 senes,
1323 1081 1474 1145 magnum
1496 1061 1538 1125 sit
1561 1081 1687 1125 necesse
1709 1065 1774 1139 est3
1798 1083 1862 1146 qua
1883 1083 1918 1126 re

300 1165 467 1250 aptissime
494 1165 573 1248 μέγα
600 1165 737 1233 additur.
785 1163 882 1245 Quod
912 1187 988 1231 vero
1018 1165 1169 1241 Weilius,
1201 1166 1255 1252 qui
1277 1164 1498 1250 Hartungium
1522 1169 1554 1229 et
1575 1165 1739 1252 Engerum
1762 1167 1917 1251 sequitur,

300 1271 397 1336 dicit:
428 1293 513 1346 „nox
543 1270 596 1335 illa
624 1269 730 1335 fatalis
760 1294 824 1336 non
853 1271 958 1336 solum
989 1272 1137 1336 servituti
1165 1271 1221 1336 sed
1250 1271 1318 1336 neci
1340 1271 1497 1335 Troianos
1526 1271 1699 1349 tradidit“,
1730 1271 1846 1336 nullius
1869 1275 1918 1336 est

303 1376 465 1440 momenti.
510 1373 592 1440 Nam
622 1397 814 1461 quamquam
848 1376 940 1441 multi
962 1376 1175 1442 Troianorum
1205 1377 1238 1440 in
1267 1376 1503 1462 expugnatione
1524 1377 1595 1462 ipsa
1616 1381 1786 1454 necantur,
1810 1382 1918 1442 tamen

301 1504 365 1546 non
388 1503 510 1558 omnes;
534 1483 720 1546 servitutem
743 1485 852 1548 autem
874 1504 967 1548 nemo
990 1482 1130 1569 effugere
1152 1485 1272 1568 potest.
1318 1477 1427 1560 Quum
1451 1481 1588 1568 primum
1606 1482 1717 1568 Argivi
1740 1483 1820 1546 urbe
1841 1486 1918 1548 sunt

302 1587 406 1673 potiti,
431 1608 539 1650 omnes
562 1585 684 1652 incolae
705 1587 870 1652 servitutis
891 1586 953 1654 reti
975 1592 1052 1652 sunt
1074 1587 1235 1663 obstricti,
1258 1587 1335 1652 facti
1365 1590 1442 1650 sunt
1463 1587 1544 1652 servi
1568 1585 1714 1675 (δοῦλοι).
1759 1587 1798 1652 ld
1820 1588 1918 1673 potis-

282 1693 414 1756 ·simum
437 1690 554 1756 chorus
573 1691 747 1777 praedicat,
769 1713 871 1776 neque
892 1714 967 1758 vcro
990 1713 1100 1758 omnes
1123 1713 1191 1757 esse
1214 1693 1349 1768 occisos,
1370 1696 1408 1756 ut
1438 1713 1477 1756 na
1507 1715 1589 1757 unus
1612 1694 1740 1789 quidam
1763 1693 1917 1759 Troiano-

299 1819 371 1861 rum
395 1801 531 1862 mortem
554 1797 712 1883 effugerit.
736 1835 780 1845 -
807 1796 935 1877 Quibus
962 1797 1129 1864 decausis
1156 1797 1235 1879 μίγα
1258 1799 1397 1871 δουλείας
1428 1797 1595 1884 aptissime
1617 1797 1762 1863 additum
1786 1821 1917 1885 prorsus

298 1903 492 1968 servandum
514 1924 584 1968 esse
606 1902 763 1968 existimo.
808 1902 903 1968 Adde
925 1902 1012 1988 quod
1034 1907 1234 1968 monometer
1256 1906 1330 1968 ante
1351 1925 1479 1969 versum
1502 1903 1557 1988 qui
1579 1905 1723 1988 sequitur
1745 1905 1918 1990 paroemia

297 2029 371 2074 eum
395 2029 600 2095 summopere
623 2006 734 2093 placet.
1505 2017 1507 2022 '

389 2109 526 2190 Chorus,
550 2114 603 2198 qui
625 2113 710 2178 lovis
732 2114 842 2180 laudes
864 2113 1106 2202 praedicaturus
1128 2115 1284 2200 imprimis
1306 2113 1338 2177 in
1366 2114 1486 2188 noctis,
1516 2135 1580 2198 qua
1600 2112 1749 2201 luppiter
1769 2115 1918 2180 Troianis

298 2221 488 2284 servitutem
504 2222 601 2304 atque
616 2221 785 2306 perniciem
802 2221 973 2307 paraverit,
996 2218 1143 2284 laudibus
1159 2223 1208 2284 est
1222 2223 1378 2294 versatus,
1401 2240 1485 2282 nunc
1507 2220 1616 2284 lovem
1638 2220 1741 2305 ipsum
1759 2219 1918 2286 celebrare

299 2325 415 2412 pergit.
460 2325 588 2390 Adorat
621 2325 722 2410 igitur
744 2325 853 2390 lovem
881 2323 1072 2411 hospitalem
1104 2347 1272 2411 magnum,
1302 2325 1357 2408 qui
1385 2346 1481 2409 quum
1510 2323 1564 2388 diu
1593 2322 1744 2389 adversus
1766 2325 1916 2390 Paridem

299 2452 408 2494 arcum
431 2429 613 2506 tetenderit,
636 2430 698 2496 hoc
719 2431 765 2496 ita
788 2429 967 2518 perfecerit,
988 2434 1026 2495 ut
1042 2451 1143 2514 neque
1158 2435 1232 2494 ante
1254 2433 1384 2516 tempus
1405 2451 1507 2513 neque
1521 2429 1607 2494 ultra
1629 2431 1801 2496 terminum
1817 2432 1916 2496 telum

297 2534 420 2601 frustra
441 2536 620 2602 coniecerit.

385 2665 416 2707 r.
440 2647 514 2707 348.
536 2639 712 2707 Verissime
733 2640 773 2707 ab
796 2641 982 2706 Hermanno
1006 2645 1040 2705 et
1062 2639 1264 2706 Blomfieldio
1287 2641 1455 2706 commatis
1483 2641 1698 2727 interpunctio
1720 2645 1795 2729 post
1812 2640 1917 2720 Ἀλεξ-

297 2745 403 2834 ἄνὸρῳ
425 2747 531 2812 deleta
552 2750 628 2833 post
650 2745 794 2828 πράξαντ’
820 2748 926 2834 posita
949 2749 1009 2811 est.

385 2875 416 2918 v.
440 2859 515 2918 350.
538 2851 647 2918 Verba
667 2847 743 2935 ὑπὲρ
765 2850 888 2936 ἄστρων
908 2853 1000 2933 βέλος
1021 2849 1180 2935 σκὴτττιιν,
1202 2873 1283 2937 quae
1311 2873 1351 2916 ex
1374 2849 1543 2938 proverbio
1566 2853 1608 2926 εἷς
1629 2851 1764 2934 οὐρανὸν
1784 2852 1918 2928 τοξεύων

299 2957 488 3046 explicanda
521 2979 589 3023 esse
623 2956 798 3022 Stanleium
833 2961 920 3022 recte
949 2957 1066 3022 vidisse
1089 2957 1292 3022 Hermannus
1321 2960 1432 3043 putat,
1456 2956 1586 3044 liugero
1615 2955 1679 3046 (ed.
1703 2957 1778 3048 ma.)
1809 2961 1916 3024 autem

299 3065 361 3129 hoe
382 3064 551 3152 proverbio
574 3085 638 3127 non
658 3085 751 3149 posse
773 3061 899 3127 delendi
920 3063 1080 3139 videntur,
1104 3062 1255 3148 explicari
1277 3063 1404 3148 quidem
1426 3086 1490 3128 non
1509 3067 1644 3149 possunt
1659 3065 1722 3129 isto
1737 3062 1916 3152 proverbio,

297 3192 398 3256 quum
421 3171 451 3233 in
473 3169 578 3234 verbis
601 3173 634 3233 ct
655 3169 687 3234 in
708 3166 878 3255 proverbio
904 3189 1037 3256 prorsus
1067 3168 1192 3233 diversa
1218 3169 1295 3232 insit
1322 3168 1446 3256 imago,
1477 3167 1606 3233 defendi
1634 3172 1742 3233 tamen
1770 3173 1916 3257 possunt,

298 3297 396 3362 quum
425 3279 459 3339 et
487 3273 542 3338 ills
572 3272 670 3339 verba
699 3277 731 3338 et
760 3273 820 3340 hoc
850 3273 1055 3361 proverbium
1085 3272 1202 3338 similes
1228 3295 1280 3338 res
1303 3275 1494 3360 exprimant.
1539 3273 1623 3339 Nam
1647 3275 1852 3362 proverbium
1875 3277 1918 3350 τῖς

300 3379 432 3462 σι’ριτνὸν
459 3377 593 3456 τοξεύειν
621 3379 780 3466 signifieat
810 3378 910 3444 telum
941 3380 1096 3445 coniicere
1123 3379 1210 3463 quod
1237 3379 1318 3443 citra
1347 3380 1519 3445 terminum
1550 3380 1636 3445 cadit
1657 3381 1678 3443 i.
1702 3403 1729 3445 c.
1752 3379 1917 3465 aliquid

301 3489 445 3571 petere
469 3485 574 3570 quod
597 3486 793 3570 consequi
815 3509 893 3551 non
915 3485 1035 3562 lieet;
1066 3484 1164 3550 verba
1191 3506 1269 3549 vero
1297 3481 1373 3568 ἑτὲρ
1401 3483 1525 3567 ἄστρων
1545 3485 1636 3564 βέλος
1658 3483 1802 3568 orturus
1823 3486 1917 3572 signi-

300 3589 396 3655 ticant
426 3590 525 3655 telum
556 3591 710 3656 coniicere
740 3589 827 3676 qnod
856 3589 942 3655 ultra
970 3592 1141 3656 terminum
1169 3590 1347 3655 transvolat
1369 3590 1388 3658 i.
1412 3612 1437 3657 e.
1461 3590 1623 3674 aliquid
1645 3597 1787 3677 petere
1809 3591 1941 3676 qnod¹

300 3717 375 3760 non
398 3698 675 3781 consequeris.
720 3697 868 3762 Alterum
898 3696 998 3782 igitur
1028 3701 1077 3761 est
1106 3719 1220 3783 parum
1251 3696 1345 3782 longe
1375 3694 1522 3770 iaculari,
1546 3695 1682 3760 alterurn
1707 3696 1801 3762 nimis
1822 3696 1917 3783 longe

298 3799 439 3876 iaculari,
464 3823 655 3886 quamquam
676 3803 845 3887 utriusque
867 3801 998 3868 effeetus
1019 3805 1069 3866 est
1084 3802 1178 3877 idem,
1200 3801 1363 3866 frustra
1385 3800 1544 3885 aliquid
1566 3803 1721 3888 petere.
1769 3802 1917 3890 luppiter

298 3906 433 3982 etiamsi,
457 3907 544 3990 quod
566 3907 692 3992 quidem
715 3908 783 3973 lieri
806 3909 926 3993 nequit,
951 3907 1121 3972 terminum
1144 3930 1208 3974 non
1230 3913 1453 3992 consequatur,
1477 3909 1583 3970 tamen
1607 3928 1678 3970 eum
1701 3906 1801 3970 telum
1824 3908 1918 3972 eonii-

298 4034 369 4077 cere
391 4012 480 4096 quod
502 4012 583 4076 citra
606 4013 775 4077 terminum
798 4013 893 4078 cadat
915 4017 951 4078 ut
970 4013 1040 4099 ipso
1056 4012 1221 4099 indignum
1237 4013 1342 4078 dicere
1356 4035 1420 4108 non
1436 4011 1520 4087 licet,
1550 4011 1699 4097 luppiter
1713 4014 1801 4077 certe
1817 4012 1917 4077 telum

299 4116 384 4182 ultra
404 4118 577 4183 terminum
601 4119 802 4183 transvolans
831 4120 942 4184 mittat
971 4121 1109 4204 oportet.
1156 4117 1262 4198 Quam
1293 4117 1424 4183 obrem
1447 4114 1523 4182 nihil
1546 4117 1653 4202 aptius
1676 4116 1717 4182 de
1738 4118 1815 4182 love
1844 4118 1917 4183 dici-

302 4222 355 4285 tur
377 4245 470 4307 qnam
492 4224 584 4304 βέλος
605 4218 685 4306 ἄιιὲρ
708 4221 830 4306 ἄστρων
852 4221 1005 4306 cadarus.
1049 4223 1159 4287 Etiam
1188 4221 1286 4289 verba
1314 4219 1391 4304 rinr'p
1415 4221 1539 4306 ἄστρων
1566 4223 1688 4309 optime
1717 4245 1789 4288 cum
1811 4223 1918 4288 verbis

303 4325 362 4407 apl
385 4335 492 4409 κωρσῦ
513 4329 715 4398 conveniunt.
760 4327 900 4412 Neque
928 4331 1027 4393 ante
1057 4333 1217 4414 tempus
1247 4333 1522 4416 opportunum
1549 4349 1680 4413 neque
1702 4328 1814 4394 ultra
1835 4332 1917 4395 ter-

303 4431 451 4496 minum
484 4436 754 4500 eonstitutum
788 4433 989 4521 luppiter
1022 4433 1148 4499 telum
1169 4435 1357 4500 coniecit.
1403 4431 1916 4521 Chaldaeorumsuperstitionem

300 4535 400 4603 verba
429 4531 505 4622 ὑπὲρ
535 4539 658 4621 ἄστρων
686 4560 788 4623 neque
817 4539 963 4626 sapiunt,
991 4545 1029 4604 ut
1055 4539 1168 4607 Wcilio
1200 4537 1343 4614 videtur,
1372 4539 1427 4622 qui
1457 4559 1494 4604 ea
1523 4538 1684 4604 decanea
1710 4535 1788 4622 ὑπὲρ
1811 4538 1918 4622 depuis

298 4643 497 4730 suspicatur,
520 4645 683 4729 nequead
706 4667 794 4722 eam,
817 4648 855 4710 ut
883 4645 967 4711 hune
989 4644 1095 4710 locum
1121 4644 1273 4730 explices,
1297 4642 1463 4728 confugias
1489 4666 1616 4710 necesse
1639 4649 1706 4723 est,
1729 4645 1816 4728 quod
1837 4643 1916 4710 Nae-

300 4747 485 4836 gelsbachio
507 4749 620 4834 placet,
644 4753 697 4836 qui
720 4751 833 4816 vertitr
856 4751 967 4829 „nicht
981 4773 1050 4828 vor,
1072 4751 1160 4816 nicht
1171 4751 1288 4836 jenseit
1303 4750 1360 4814 der
1376 4746 1693 4816 Schiclrsalsstunde“
1715 4754 1748 4814 et
1767 4753 1916 4815 annotat:

301 4853 493 4940 „explicatio
515 4854 653 4940 petenda
673 4859 724 4921 est
745 4877 784 4920 ex
805 4857 947 4944 oppositi
969 4857 1109 4934 ratione;
1140 4855 1227 4922 ultra
1256 4859 1385 4943 tempus
1407 4855 1571 4921 stellarum
1593 4877 1688 4921 cursu
1711 4855 1917 4936 destinatum,

293 4957 411 5042 jenseit
432 4959 489 5025 der
511 4983 575 5026 von
597 4961 657 5026 den
681 4959 853 5028 Gestirneu
876 4960 1160 5049 herbeigcsiihrtcu
1182 4961 1286 5028 zeitr‘
1331 4963 1377 5027 At
1392 4961 1493 5048 qualis
1509 4963 1541 5027 in
1563 4959 1668 5028 verbis
1688 4957 1764 5046 ὑπὲρ
1782 4959 1916 5046 ἄστρων,
