4554 5612
898 419 1298 480 -15-..ss

266 648 374 732 inepte
388 644 514 708 dicitur.
545 642 661 725 ltaque
677 639 784 720 δόμοιο
799 647 956 722 προφῆται
972 645 1062 706 vates
1078 644 1153 706 sunt
1167 641 1282 706 domus
1295 641 1492 718 Atridarum,
1508 643 1574 708 sive
1589 640 1695 722 δόμοιο
1710 646 1759 706 est
1773 643 1885 728 geniti-

267 773 321 815 τοι
336 725 543 823 sirbiectirus,
568 746 623 832 qni
638 744 798 832 plerisque
814 743 981 831 probatur,
1004 747 1071 811 sive
1086 745 1271 820 obiectivus‚
1295 746 1347 830 qui
1363 746 1581 832 Bambergero
1595 746 1710 833 placet.
1745 745 1842 827 Quod
1858 747 1885 812 si

262 853 368 933 δάμιον
399 852 561 939 genitivus
590 849 786 916 subiectivus
815 849 1018 937 intelligitur,
1053 852 1219 938 aptissime
1247 849 1296 915 his
1323 851 1437 916 domus
1466 851 1655 916 Atridarum
1686 851 1813 916 vatibus
1834 853 1885 918 ille

258 960 422 1024 exercitus
445 958 644 1044 Argivorum
665 964 755 1022 vates
778 952 1051 1043 (στρατόμαντις),
1085 957 1138 1041 qui
1167 979 1193 1024 v.
1221 962 1281 1020 118
1305 964 1590 1033 commemoratur,
1614 956 1753 1022 conferri
1777 963 1886 1045 potest

193 1139 197 1154 Ι
257 1062 313 1152 (cf.
335 1063 541 1143 Hermann).

351 1169 442 1236 Vere
464 1167 592 1253 quidem
614 1165 824 1242 Klausenius,
848 1168 951 1242 „vatis
974 1171 1037 1244 est,
1068 1167 1188 1251 inquit,
1213 1167 1421 1253 pronuntiare
1443 1167 1476 1230 id
1497 1167 1583 1252 quod
1605 1167 1683 1232 latet
1699 1213 1707 1232 .
1721 1215 1729 1231 .
1743 1215 1751 1231 .
1764 1215 1789 1242 .,
1815 1173 1883 1233 turn

262 1295 316 1339 res
338 1272 483 1347 futuras,
507 1295 640 1358 quarum
664 1270 854 1337 fantasiam
878 1276 1024 1346 exstant,
1047 1277 1118 1336 turn
1141 1294 1192 1336 res
1215 1275 1416 1358 praesentes,
1451 1293 1531 1356 quae
1553 1294 1616 1336 non
1639 1271 1786 1337 omnibus
1809 1279 1885 1338 sunt

264 1380 463 1466 perspicuae,
487 1384 554 1444 tum
582 1399 631 1442 res
652 1381 797 1452 exactas,
825 1399 905 1462 qaae
928 1399 989 1442 non
1013 1376 1159 1442 omnibus
1182 1381 1304 1464 patent.
1350 1379 1403 1442 lta
1418 1376 1604 1464 designatur
1628 1375 1763 1442 Calchas
1785 1377 1884 1447 Hom.

266 1485 302 1553 ll.
327 1485 354 1549 l.
380 1491 430 1553 70.
452 1483 487 1558 ὃς
506 1482 566 1569 ᾔδη
597 1480 637 1547 τά
667 1480 786 1546 τ’ίόντα
815 1481 853 1546 τά
884 1481 1062 1564 τ’ίσσόμινα
1086 1479 1146 1566 σρό
1179 1480 1327 1546 r¹ldrra“.
1381 1484 1428 1546 At
1450 1482 1536 1567 quod
1559 1483 1679 1569 pergit,
1711 1482 1793 1558 „boc
1814 1482 1884 1548 loco

263 1594 357 1654 vates
380 1589 547 1675 designant
568 1609 620 1653 res
642 1591 827 1675 praesentes
850 1584 891 1650 ra'
913 1586 1047 1664 τ’ίὸντα,
1077 1587 1192 1673 sigere
1213 1573 1355 1652 Helenae
1375 1589 1558 1653 memoriam
1582 1591 1617 1653 et
1638 1587 1828 1653 desiderium
1851 1589 1884 1654 in

266 1694 411 1779 omnibus
434 1695 488 1780 qui
511 1697 588 1759 suut
609 1695 642 1758 in
666 1693 760 1756 domo
783 1691 987 1766 Atridarum,
1021 1695 1060 1754 ut
1082 1691 1172 1776 quasi
1193 1713 1343 1778 praesens
1365 1692 1426 1758 dici
1461 1693 1601 1780 possit“,
1632 1717 1694 1758 non
1718 1693 1882 1762 assentior.

264 1799 346 1865 Nam
368 1805 459 1866 vates
481 1799 533 1866 hic
556 1821 621 1864 non
643 1797 744 1862 solum
767 1818 817 1862 res
839 1800 1024 1884 praesentes
1046 1796 1233 1883 designant,
1266 1819 1376 1864 verum
1400 1798 1495 1862 etiam
1519 1796 1662 1875 futuras3
1695 1799 1885 1864 annuntiant

261 1907 346 1970 enim
370 1906 442 1991 ipsa
465 1909 613 1990 tempore
634 1901 730 1988 fugae
751 1899 911 1980 Helenae,
949 1923 1030 1986 quae
1059 1901 1119 1967 bac
1148 1901 1226 1989 fuga
1247 1908 1401 1968 eventura
1422 1904 1487 1968 sint
1509 1903 1541 1968 in
1564 1903 1753 1969 Atridarum
1777 1905 1883 1970 domo.

259 2011 440 2075 Praeterea
473 2013 562 2073 vates
589 2031 651 2073 non
680 2008 849 2094 designant
877 2008 1006 2095 „vigere
1027 2007 1169 2072 Helenae
1200 2008 1384 2072 memoriam
1407 2013 1439 2072 et
1462 2007 1653 2074 desiderium
1675 2009 1706 2073 in
1736 2009 1884 2074 omnibus

261 2116 319 2200 qui
336 2113 460 2178 suntin
476 2113 571 2178 domo
586 2113 772 2178 Atridarum
782 2123 811 2189 “,
828 2113 885 2178 sed
901 2113 940 2177 de
955 2114 1047 2177 unius
1063 2112 1201 2178 Menelai
1218 2135 1362 2178 moerore
1377 2118 1475 2199 atque
1490 2113 1578 2178 luctu
1593 2119 1684 2179 vates
1700 2113 1883 2199 loquuntur.

263 2217 481 2304 Complorant
503 2219 627 2302 quidem
658 2218 785 2284 duobus
814 2218 975 2306 prioribus
1004 2218 1148 2284 versibus
1182 2215 1270 2305 (399.
1301 2217 1390 2306 393.)
1424 2218 1538 2283 malam
1572 2218 1734 2284 fortunam
1769 2220 1884 2286 domus

265 2324 469 2398 Atridarum,
492 2325 564 2388 inde
586 2345 662 2388 vero
685 2325 848 2410 extemplo
869 2322 1009 2389 Menelai
1032 2345 1209 2390 moerorem
1231 2329 1329 2409 atque
1352 2324 1473 2390 luctum
1495 2325 1693 2390 annuntiant.

353 2452 383 2494 v.
407 2437 479 2494 393.
525 2430 625 2508 στίβοι
642 2427 820 2510 φιλάνορες,
839 2451 969 2516 gressus
993 2430 1155 2504 amatorii,
1171 2453 1235 2494 non
1251 2429 1291 2495 de
1306 2451 1415 2493 amore
1430 2451 1506 2515 erga
1521 2428 1702 2494 Menelaum
1721 2431 1882 2506 maritum,

267 2534 322 2600 sed
343 2534 383 2600 de
406 2556 511 2599 aurore
532 2533 564 2598 in
584 2533 734 2598 Paridem
756 2533 939 2598 adulterum
956 2538 1033 2598 sunt
1047 2533 1243 2620 intelligendi
1267 2532 1320 2621 (cf.
1339 2533 1524 2616 Klausen.):
1547 2555 1642 2617 quam
1665 2534 1707 2599 ob
1730 2559 1795 2599 rem
1820 2557 1883 2600 non

267 2640 307 2704 de
327 2641 471 2727 ingressu
494 2638 636 2704 Helenae
659 2661 796 2726 sponsae
817 2640 848 2704 in
873 2639 1011 2704 Menelai
1044 2640 1155 2716 aedes,
1188 2640 1275 2724 qnod
1297 2639 1473 2704 Ahrcnsius
1497 2637 1581 2715 vult,
1611 2639 1666 2704 sed
1689 2640 1729 2705 de
1751 2663 1883 2726 egressu

268 2766 306 2809 ex
326 2743 373 2808 his
395 2744 525 2810 aedibus
549 2745 692 2824 (βίβακεν
714 2745 814 2828 ῥίμφα
837 2743 887 2807 aad
911 2743 1022 2832 araur)
1046 2765 1150 2810 sermo
1172 2749 1231 2809 est.
1277 2745 1461 2810 Mutatione
1483 2745 1583 2831 igitur
1612 2747 1699 2810 vocis
1721 2745 1883 2830 ιμλιίιαρις

268 2873 345 2937 ορατ
367 2871 498 2936 prorsus
527 2873 591 2914 non
614 2854 673 2914 est.
718 2849 830 2935 Fugae
860 2850 943 2914 enim
967 2851 1072 2924 notio,
1106 2873 1201 2935 quam
1225 2849 1373 2937 Engerus
1402 2850 1462 2916 hoc
1484 2851 1556 2915 loco
1577 2850 1696 2935 requiri
1719 2855 1826 2937 putat,
1850 2851 1882 2915 in

268 2959 364 3034 στίβοι
383 2951 546 3039 σιίιίισρις
567 2955 629 3020 iam
652 2954 853 3040 apertissime
875 2955 975 3031 inest,
1006 2961 1060 3031 ut,
1091 2957 1117 3020 si
1145 2957 1245 3034 στίβοι
1268 2955 1438 3040 ιμσμίισρις
1461 2956 1658 3041 corrigatur,
1692 2956 1778 3041 quod
1801 2955 1882 3020 Kar-

265 3060 388 3125 stenius
410 3081 483 3124 vere
506 3061 710 3146 proposuisse
732 3059 860 3125 videtur
881 3059 1029 3147 Engero,
1054 3060 1190 3125 maxime
1211 3060 1368 3146 langueat.

351 3187 380 3229 v.
405 3171 468 3230 394
491 3185 559 3249 sqq.
606 3165 705 3230 Vates
727 3165 870 3230 dolorem
897 3165 1038 3232 Menelai
1067 3170 1203 3253 propter
1224 3164 1365 3231 Helenae
1395 3164 1504 3251 fugam
1529 3164 1707 3230 describere
1728 3165 1882 3253 incipiunt

259 3265 387 3352 ιιιίριστι
404 3295 431 3336 τι.
445 3295 470 3337 τ.
482 3277 509 3337 λ.
533 3269 690 3350 Quamvis
705 3270 756 3335 bic
770 3270 859 3335 locus
874 3271 1098 3337 vitiosissimus
1113 3275 1148 3335 et
1163 3270 1440 3356 desperatissimus
1456 3291 1524 3334 esse
1539 3270 1686 3336 rideatur
1696 3270 1750 3350 (cf.
1763 3271 1880 3357 Enger.

260 3373 311 3438 ed.
334 3380 425 3459 ma),
449 3381 557 3440 tamen
580 3375 738 3440 sententia
759 3398 840 3460 quae
861 3377 893 3440 in
916 3399 955 3442 eo
983 3377 1067 3443 inest
1089 3398 1152 3443 non
1174 3374 1271 3440 latet:
1309 3380 1437 3450 ‚,tacere
1459 3374 1642 3442 Menelaum
1674 3397 1751 3462 prae
1772 3376 1883 3442 dolore

264 3479 350 3561 quod
371 3481 533 3546 (rarissima
555 3479 673 3546 coniux
695 3479 877 3568 aufugerit“
898 3481 1032 3568 (Enger.
1060 3482 1109 3547 ed.
1141 3483 1225 3559 ma).
1277 3478 1305 3544 F
1307 3478 1365 3545 lor.
1390 3485 1423 3545 et
1456 3479 1552 3545 Fara.
1575 3480 1726 3546 exhibent
1754 3477 1881 3561 πάρεστι

265 3589 354 3664 σιγᾶς
382 3583 489 3664 ἄτιμος
521 3585 685 3665 ἀλοιίίομσς
713 3585 839 3661 ίίιίιστος
865 3585 1025 3670 ἀσσμίιιον
1048 3589 1130 3654 laissa.
1176 3585 1395 3660 Hermannus,
1431 3589 1467 3650 ut
1496 3587 1630 3652 aliorum
1654 3584 1882 3651 emendationis

263 3685 406 3772 pericula
426 3709 508 3773 quae
528 3695 603 3754 sunt
624 3691 764 3777 plurima
789 3691 953 3768 omittam,
984 3691 1236 3756 emendationem
1269 3691 1438 3778 proposuit
1471 3689 1598 3771 πάρεστι
1632 3690 1721 3774 σιγὰς
1753 3689 1883 3769 ἀτίμοις

258 3790 448 3873 ιίλοιιίόρσας
468 3793 596 3874 αἴσχιστ’
620 3795 792 3880 ἀσιιμίοιιν
813 3799 904 3875 aare»,
940 3819 1022 3881 qnae
1044 3797 1241 3874 emendatio,
1265 3819 1364 3882 quum
1383 3797 1509 3882 longius
1531 3819 1551 3860 a
1571 3795 1725 3861 librorum
1748 3795 1883 3860 lectione

257 3895 404 3972 recedat,
428 3897 515 3962 haud
537 3897 628 3964 facile
649 3899 885 3988 comprobatur.
930 3903 971 3970 V.
995 3910 1068 3970 394.
1090 3903 1218 3989 quidem
1235 3924 1306 3967 cum
1323 3899 1574 3989 Naegelsbacbio
1590 3900 1790 3966 scribendum
1813 3921 1882 3965 esse

259 4001 335 4066 mihi
357 4003 488 4068 videtur
511 4003 639 4084 nupsere
669 4012 755 4094 σιγᾷς
781 4005 891 4089 ἄτιμος
920 4006 1111 4089 τ’ἀλοίδσρος
1138 4011 1293 4097 (σιγᾷςε
1314 4005 1442 4087 σιγιίεις,
1468 4005 1594 4090 σιγήεις,
1619 4004 1707 4071 velut
1733 4012 1825 4095 τιμᾷς
1843 4031 1877 4064 =

263 4107 388 4186 τιμιίιις,
425 4109 575 4192 τιμήεις),
606 4109 662 4174 sed
693 4133 722 4175 v.
746 4119 818 4180 395.
852 4134 999 4198 propono
1031 4111 1128 4177 r‘r'tl'ror‘
1154 4112 1322 4196 riqrrplrar
1343 4111 1434 4189 idaia,
1468 4119 1504 4176 ut
1534 4112 1691 4176 sententia
1721 4109 1799 4176 baec
1821 4111 1880 4175 sit:

267 4209 389 4278 Adest
409 4215 570 4280 tacitus
593 4215 683 4281 sine
704 4214 871 4292 honore,
902 4219 990 4282 sine
1012 4218 1341 4305 vituperatione,
1378 4218 1445 4301 qui
1471 4216 1769 4283 lubentissime
1798 4235 1880 4280 eam

266 4333 368 4394 quae
387 4316 574 4384 deseruit
597 4323 827 4407 conspexit.
873 4323 940 4406 (De
962 4322 1050 4388 verbi
1072 4321 1199 4408 ἀφίιμοι
1224 4323 1455 4408 significatione
1476 4321 1516 4387 cf.
1539 4320 1709 4408 Naegelsb.
1736 4321 1757 4384 i.
1781 4319 1812 4385 h.
1834 4321 1880 4405 l.).

260 4415 353 4482 Huic
375 4423 543 4489 sententiae
565 4430 641 4512 apte
663 4427 849 4514 adiungitur
873 4451 954 4513 quae
970 4430 1125 4514 sequitur,
1148 4428 1267 4494 scilicet
1290 4451 1432 4493 moerore
1456 4432 1623 4514 tantopere
1638 4449 1710 4494 eum
1726 4426 1879 4491 afflictum

256 4545 345 4602 esse,
380 4530 418 4589 ut
445 4527 597 4596 desiderio
625 4533 735 4596 uxoris
764 4532 929 4599 tabescens
957 4535 1048 4619 quasi
1070 4533 1181 4618 priapo
1208 4534 1323 4599 domus
1349 4534 1517 4620 imperium
1551 4532 1697 4599 obtinere
1724 4527 1879 4598 videatur.

257 4629 476 4706 Klausenius,
497 4635 549 4718 qui
571 4635 679 4719 ιμίσμα
702 4637 873 4723 imaginem
896 4639 946 4704 vel
961 4643 1122 4726 spectrum
1140 4639 1282 4704 Helenae
1297 4639 1454 4726 explicat,
1478 4640 1667 4716 „ridiculum
1684 4661 1753 4704 esse
1775 4641 1877 4724 putat,

260 4735 417 4802 desiderio
452 4737 614 4805 tabescere
639 4741 839 4821 Menelaum,
873 4749 912 4810 ut
945 4745 1077 4810 umbrae
1109 4745 1220 4809 similis
1253 4747 1438 4831 appareat.“
1482 4747 1558 4810 lure
1590 4767 1666 4812 vero
1698 4749 1880 4830 repugnant

265 4840 435 4908 Abrensius
463 4849 499 4908 et
520 4842 796 4932 Naegelsbachius.
841 4849 923 4914 Nam
954 4850 1137 4926 Menelaus,
1172 4872 1269 4934 quum
1300 4851 1363 4914 iam
1387 4853 1461 4916 ante
1484 4850 1669 4937 designatus
1694 4850 1737 4914 sit
1760 4853 1878 4926 tacens,

262 4967 402 5014 moerore
427 4949 704 5018 vehementissime
733 4954 890 5032 afflictus,
923 4956 1087 5022 verissime
1122 4959 1155 5020 et
1187 4955 1350 5042 aptissime
1383 4956 1493 5042 ιμίσμα
1525 4955 1711 5042 appellatur.
1769 4953 1878 5036 Quum
