4554 5612
994 441 1146 450 ...-.
1195 409 1235 467 24
1281 443 1286 450 .

404 632 554 708 t'dtotore
574 631 755 707 astituram
776 630 978 697 referendum
1000 653 1071 698 esse
1097 633 1214 700 censet.
1260 629 1401 718 Propter
1422 653 1460 698 ea
1481 633 1552 719 ipsa
1585 653 1666 716 quae
1698 631 1893 720 praecedunt
1925 631 2023 699 verba

405 737 511 802 multo
530 737 637 824 aptius
659 741 692 802 et
715 736 876 824 pulchrius
898 735 1013 802 chorus
1035 759 1112 802 voce
1130 735 1235 812 ὄσσοις
1249 737 1368 814 utitur,
1390 739 1529 822 quamsi
1551 735 1717 804 adhiberet
1736 761 1845 805 vocem
1861 738 2021 826 quandam

403 866 469 929 qua
491 843 710 931 significantur
731 865 855 907 summa
877 843 1050 908 cacumina.
1096 841 1184 920 dona,
1209 841 1331 915 oculi.
1355 845 1461 907 antem
1482 842 1542 909 hoc
1564 844 1635 908 loco
1657 848 1732 909 sunt
1752 845 1775 910 ii
1796 845 1857 932 ipsi
1879 845 2022 910 homines

404 948 617 1035 intelligendi,
641 949 696 1033 qui
716 947 838 1035 gloriae
860 947 977 1013 lumine
998 948 1182 1035 splendent,
1207 947 1315 1033 quales
1338 948 1423 1014 lovis
1444 946 1554 1036 fulgur
1573 948 1650 1014 ferit
1669 950 1837 1036 redditque
1859 949 2022 1018 obscuros.

491 1077 521 1119 v.
545 1061 618 1120 453.
653 1052 764 1139 Neque
780 1053 980 1120 Valckenarii
995 1053 1214 1118 emendatione
1229 1053 1385 1133 κατίδοιμι
1401 1075 1503 1137 neque
1518 1053 1683 1119 Karstenii
1697 1050 1748 1118 ain’
1765 1053 1849 1142 ἄλλῳ
1864 1075 1946 1142 opus
1960 1058 2021 1119 est.

405 1157 529 1237 Verba,
545 1160 701 1224 utinam
717 1181 764 1224 ne
779 1160 1032 1245 ipsecaptua
1047 1159 1094 1225 ab
1110 1159 1205 1222 aliis
1222 1159 1340 1223 vitam
1358 1159 1623 1246 conspiciam,
1646 1181 1774 1225 sensum
1789 1159 2021 1247 praebeutnon

401 1264 669 1331 contemnendum
685 1267 718 1328 et
733 1286 808 1329 eane
823 1263 1031 1329 tolerabilem.
1078 1263 1135 1328 Sin
1159 1263 1237 1350 legis
1259 1259 1310 1326 ὑπ’
1335 1262 1435 1350 ἄλλοι,
1459 1263 1561 1328 multo
1583 1264 1710 1348 quidem
1728 1263 1901 1351 simplicior
1916 1264 2023 1330 evadit

404 1371 518 1447 oratio,
534 1392 635 1456 neque
649 1374 758 1434 tumen
772 1370 953 1434 concinnior
968 1391 1069 1455 neque
1080 1369 1252 1456 pulchrior.
1276 1369 1327 1434 Ex
1338 1365 1435 1444 ἁλοὺς
1448 1365 1498 1432 ὖτ’
1516 1369 1617 1434 ἄλλοι
1627 1368 1775 1434 facillime
1786 1369 1863 1436 illud
1874 1369 1924 1434 ὑπ’
1939 1368 2022 1456 ἄλλοι

403 1475 453 1542 vel
465 1477 571 1564 potius
582 1472 633 1538 ὑπ’
647 1473 749 1551 ἄλλοις
761 1475 907 1540 sumitur.
919 1515 963 1523 -
975 1476 1026 1540 lta
1036 1475 1152 1540 chorus
1164 1475 1224 1541 eibi
1240 1479 1342 1563 optut,
1360 1477 1510 1559 utusque
1526 1473 1651 1539 urbium
1664 1473 1707 1540 sit
1721 1475 1906 1540 destructor
1920 1495 2023 1560 neque

401 1581 472 1646 aliis
494 1579 641 1646 subditus
662 1581 761 1646 vitam
784 1581 897 1668 degat;
921 1593 985 1666 qua'
1000 1583 1157 1646 sententia
1179 1581 1263 1646 redit
1278 1577 1318 1644 ad
1341 1601 1412 1644 eam
1443 1601 1538 1664 quam
1561 1603 1588 1648 v.
1614 1585 1688 1646 362.
1710 1579 1788 1644 ἴστω
1811 1577 2023 1662 δ’ἀττήμιιοτοο

403 1712 430 1755 κ.
448 1712 474 1751 τ.
491 1692 516 1754 λ.
539 1687 602 1751 iam
626 1688 784 1772 exposuit.
828 1686 1002 1752 Mediocris
1024 1687 1171 1763 fortuna,
1199 1706 1280 1770 quae
1302 1707 1405 1770 neque
1427 1682 1569 1752 abundat
1591 1707 1692 1771 neque
1714 1689 1804 1772 eget,
1829 1688 1879 1752 θεῖ
1900 1685 2023 1770 optima

402 1797 502 1878 atque
523 1791 564 1856 ab
586 1791 704 1857 invidia
724 1792 895 1856 tutissima.
1171 1878 1191 1968 ᾗ

1195 1885 1257 1946 .8.

492 2001 646 2087 Sequitur
667 2002 815 2067 carminis
830 2003 921 2087 quasi
936 2002 1068 2089 epodus.
1114 2001 1222 2082 Quam
1238 2001 1376 2088 epodum
1399 2023 1462 2086 qua
1483 2022 1520 2065 re
1534 2004 1714 2066 commotus
1729 2001 1846 2068 chorus
1861 2000 2021 2076 adiecerit,

400 2129 502 2193 quum
525 2107 621 2174 verba
648 2105 745 2191 πυρὸς
767 2106 793 2171 ‹t'
818 2103 868 2170 ὕει’
894 2106 1056 2192 ιύογγῖῖοο
1078 2135 1104 2170 ιι.
1121 2131 1145 2170 τ,
1165 2111 1192 2170 t.
1214 2107 1308 2172 nimis
1331 2106 1469 2194 abrupta
1490 2127 1559 2172 esse
1574 2107 1756 2185 videantur,
1779 2129 1854 2173 vere
1876 2106 2022 2194 disputat

404 2213 552 2300 Eugerus
575 2212 637 2296 (ed.
661 2219 746 2296 ma).

467 2317 565 2402 ττιιρὸς
587 2313 666 2381 d'sia'
691 2317 855 2400 εὐαγγέλου
968 2313 1041 2383 dn'.
1059 2314 1186 2406 ἐπῳδός.
1306 2315 1410 2398 βάξις·
1433 2318 1460 2380 οῖ
1481 2313 1508 2379 d’
1532 2313 1695 2400 ἐτήτυμος,

469 2422 558 2486 πόλιν
581 2422 675 2507 διήκει
698 2421 762 2487 oct
1122 2429 1186 2488 455
1307 2424 1352 2496 τίς
1364 2417 1464 2502 eloim,-
1477 2413 1497 2504 ἦ
1509 2447 1537 2485 τι
1551 2419 1639 2486 θεῖόν
1649 2423 1711 2486 ἔστι
1722 2418 1766 2504 μὴ
1780 2420 1905 2502 apsidum
1921 2449 1948 2486 κ.
1958 2447 1985 2492 τ.
1995 2425 2023 2489 l.

489 2569 519 2609 v.
542 2551 617 2611 457.
640 2548 708 2623 ,,τι’ς
730 2541 819 2608 oltra·
842 2545 909 2630 ἤτοι
932 2543 1020 2610 θεῖόν
1042 2547 1105 2610 ἐστι
1133 2541 1176 2628 τιὴ
1212 2543 1321 2625 ositos
1347 2543 1470 2610 Victor.
1501 2547 1534 2610 et
1557 2545 1602 2612 sie
1630 2543 1728 2611 Farn.
1751 2545 1811 2610 nisi
1833 2546 1919 2631 quod
1947 2550 2023 2634 poet

401 2645 485 2714 older
505 2673 570 2715 non
591 2651 828 2738 interpunctum
859 2654 917 2716 est.
946 2649 1062 2733 ἤμει,
1085 2651 1142 2716 sed
1171 2651 1213 2716 ad
1233 2650 1371 2736 priorem
1402 2649 1556 2738 syllabam
1587 2671 1685 2736 supra
1708 2651 1827 2737 scripto
1850 2675 1890 2728 ετ,
1912 2649 2023 2716 Flor.“

404 2753 594 2840 (Hermon).
646 2753 734 2835 Quin
762 2754 813 2820 hic
835 2777 945 2821 versus
967 2755 1055 2844 puris
1077 2753 1190 2820 iambis
1220 2755 1403 2821 constiterit
1427 2755 1480 2820 vix
1502 2753 1646 2820 dubitari
1667 2777 1777 2842 posse,
1807 2755 2022 2832 Hermannus,

401 2881 475 2924 cum
503 2883 567 2945 quo
596 2859 745 2946 Engerus
773 2861 890 2946 aliique
916 2862 1136 2937 consentiunt,
1164 2860 1244 2928 bane
1273 2861 1382 2937 docet;
1419 2861 1522 2925 miuus
1552 2882 1628 2926 vero
1658 2860 1904 2949 comprobatur,
1936 2863 2022 2948 quod
2072 2849 2079 2862 ’

402 2967 472 3052 ipse
510 2965 571 3032 hoc
602 2987 697 3031 versu
734 2965 935 3032 scribendum
973 2989 1042 3032 esse
1077 2967 1214 3032 coniicit.
1273 2965 1326 3030 Ex
1356 2965 1423 3030 eiua
1452 2967 1534 3031 enim
1566 2967 1722 3032 sententia
1749 2966 1949 3032 scribendum
1972 2969 2022 3030 est

402 3073 429 3134 al
456 3065 654 3153 δ’ἒτήτομος,
690 3073 736 3144 τίς
764 3067 862 3152 oldam
897 3071 929 3136 εἶ’
950 3097 977 3136 τι
1009 3071 1096 3136 θεῖόν
1125 3071 1188 3136 ἔστι
1214 3072 1257 3156 μὴ
1287 3069 1406 3151 ψύθος.
1436 3093 1586 3154 ᾖνθεεεῐεθ,
1615 3072 1792 3156 quiescit?
1831 3073 1889 3138 nisi
1916 3071 2020 3137 divina

402 3174 509 3260 aliqua
529 3174 618 3241 fraus
640 3179 722 3241 esee
777 3177 929 3242 Attamen
962 3180 1075 3242 contra
1102 3177 1184 3242 hono
1213 3177 1393 3243 Hermanni
1423 3178 1637 3243 coniecturam
1667 3177 1815 3264 Engerus
1844 3176 2017 3243 rectissime

403 3281 514 3356 affert,
539 3303 637 3370 quum
660 3280 863 3347 choruscam
886 3284 906 3351 i.
929 3305 954 3351 e.
980 3280 1063 3346 θοὰν
1082 3283 1175 3366 βάξιν
1196 3305 1303 3347 veram
1320 3303 1389 3347 esse
1404 3306 1467 3347 non
1482 3282 1609 3360 credat,
1633 3283 1712 3348 nisi
1734 3285 1823 3369 sequi
1838 3305 1899 3346 non
1914 3301 2017 3366 posse.

402 3385 467 3453 Sed
491 3391 528 3451 ut
552 3391 584 3452 et
606 3387 706 3474 ipsius
730 3386 868 3473 Engeri,
892 3388 947 3473 qui
974 3410 1072 3472 quum
1102 3386 1145 3470 μή
1177 3386 1307 3453 tolerari
1340 3387 1394 3452 vix
1418 3409 1512 3474 posse
1534 3391 1678 3466 censeat,
1708 3392 1814 3453 tamon
1842 3385 1952 3451 relicto
1974 3379 2018 3468 μή

401 3493 520 3578 recepit
542 3491 622 3574 ἥτι,
648 3495 681 3556 et
703 3491 835 3558 aliorum
863 3494 1061 3559 coniecturas
1082 3494 1246 3569 omittam,
1271 3515 1288 3558 e
1310 3515 1380 3558 mea
1406 3493 1534 3578 quidem
1557 3494 1714 3560 sententia
1734 3492 1901 3580 legendum
1925 3495 1976 3558 est
1998 3493 2024 3556 st

401 3597 596 3680 dirimatur,
624 3591 1039 3682 ee'enlrlamdmdetdviorr
1060 3597 1247 3682 μὴψύθοςς
1278 3596 1341 3664 Ob
1363 3599 1544 3677 eswahr,
1574 3621 1651 3665 wer
1673 3601 1786 3666 weiss
1808 3599 1868 3665 es?
1906 3621 1946 3665 es
1968 3599 2025 3663 ist

403 3700 499 3766 doch
516 3700 617 3765 wohl
639 3700 751 3767 nicht
773 3707 873 3768 etwa
896 3704 988 3769 eine
1010 3703 1223 3791 giittliohe
1244 3703 1505 3790 Tiiuscbungi
1536 3703 1643 3783 Quam
1666 3704 1834 3773 lectionem
1858 3705 1933 3772 huic
1954 3705 2025 3771 loco

402 3808 541 3872 maxime
569 3829 638 3873 esse
664 3809 901 3876 convenientem
932 3811 1088 3878 existimo.
1142 3809 1225 3876 lllud
1253 3801 1274 3892 ἦ
1299 3807 1343 3893 μή
1373 3809 1638 3894 interrogativum
1662 3815 1728 3890 est,
1759 3811 1846 3896 quod
1867 3811 2025 3898 significat

401 3912 636 3979 dubitationem
669 3914 845 3999 quandam,
876 3915 927 3980 cui
948 3916 1132 3981 adiunctum
1163 3919 1212 3980 est
1239 3919 1369 3992 votum,
1403 3937 1442 3979 ne
1471 3935 1509 3979 en
1531 3915 1595 3980 sint
1618 3939 1692 3981 vera
1726 3937 1807 4000 quae
1837 3915 2026 3978 dubitantur

402 4017 458 4107 (ci.
487 4018 586 4086 Hom.
610 4017 675 4085 Od.
706 4019 764 4088 Vl.
794 4027 866 4088 200.
896 4020 959 4088 lX.
990 4019 1087 4108 405).
1140 4019 1243 4086 Simili
1271 4019 1366 4084 modo
1396 4019 1574 4106 Aeschylus
1601 4021 1706 4086 utitur
1732 4018 1780 4101 μή
1806 4019 2023 4090 Promeae,

403 4116 464 4205 ἆρα
478 4121 522 4206 μή
544 4121 633 4210 Sept.
659 4131 731 4190 190.
775 4125 919 4213 Respicit
941 4131 1049 4191 autem
1072 4125 1149 4192 haec
1171 4123 1396 4192 choreutarum
1419 4126 1630 4213 interrogatio
1653 4123 1749 4189 rerba
1771 4143 1820 4186 vv.
1844 4125 1917 4187 257.
1936 4127 2023 4198 258.,

402 4251 467 4314 quo
488 4229 558 4294 loco
580 4229 696 4294 chorus
718 4253 758 4296 ex
782 4228 1039 4318 Clytaemnestra
1062 4232 1234 4316 quaesivit,
1257 4253 1335 4295 num
1356 4231 1427 4318 ipsa
1448 4237 1571 4298 certum
1594 4228 1710 4295 habeat
1732 4224 1883 4289 indicium
1905 4225 2023 4292 Troiae

402 4337 527 4421 captae.
571 4333 625 4400 Ad
648 4357 687 4400 ea
710 4333 983 4421 Clytaemnestra:
1006 4335 1137 4412 Habeo3
1160 4358 1218 4401 cur
1237 4335 1323 4401 non?
1353 4336 1413 4402 nisi
1429 4337 1507 4403 deus
1528 4359 1578 4401 me
1593 4329 1712 4398 fefellit.
1759 4326 1867 4408 Quam
1891 4330 1933 4397 ob
1956 4353 2022 4396 rem

402 4439 556 4506 hocloco
578 4440 747 4506 eboreutae
770 4440 849 4508 bene
870 4446 903 4507 et
923 4442 1155 4508 dubitationem
1178 4442 1402 4528 interponunt,
1428 4465 1504 4508 num
1522 4438 1779 4523 Clytaemnestra
1800 4440 1924 4502 certum
1947 4434 2022 4499 indi·

402 4547 487 4612 cium
509 4545 680 4631 habeat(al
702 4545 897 4628 d‘irrirupoe,
929 4549 976 4621 τίς
998 4543 1122 4628 oldam),
1156 4549 1188 4611 et
1210 4547 1349 4612 divinam
1372 4547 1529 4632 quandam
1552 4538 1698 4604 fraudem
1723 4544 1926 4632 auspicantur
1946 4531 1979 4619 (ἦ
1993 4560 2022 4599 τι

403 4649 493 4714 θεῖόν
515 4649 577 4714 iou
599 4649 642 4734 μὴ
666 4650 775 4731 ψύθος
783 4653 816 4736 5).
853 4652 953 4718 Recte
968 4653 1069 4739 igitur
1083 4651 1255 4719 Donnerus
1274 4653 1370 4717 vertit
1393 4649 1465 4732 „Ob
1481 4671 1515 4712 er
1537 4645 1607 4735 (dee
1622 4645 1737 4713 lichten
1754 4647 1898 4716 Strables
1913 4639 2022 4707 froher

402 4753 484 4844 Bul)
506 4754 680 4822 Walrrheit
701 4756 818 4821 meldet
839 4756 935 4836 anch,
960 4779 1024 4824 wer
1046 4759 1135 4824 weiss
1157 4757 1211 4824 es?
1263 4755 1345 4823 Ob’s
1367 4752 1455 4820 nicht
1476 4756 1560 4820 etwa
1577 4752 1669 4840 Trug
1688 4776 1752 4819 von
1774 4753 1914 4820 Giittern
1937 4745 2023 4813 isti“

491 4859 560 4930 Ser.
581 4861 723 4930 Monast.
747 4861 905 4929 Guestful.
1449 4921 1729 5029 Stephanus
1757 4915 1914 5004 Bohle
