4554 5612
1002 433 1155 444 ...,.-
1204 403 1244 462 20
1290 435 1297 441 ..
1338 435 1366 440 ..

412 623 531 702 hune,
559 645 603 690 se.
632 623 722 692 cuius
743 624 879 690 cinerem
907 622 1001 690 Mare
1023 623 1153 689 domum
1180 623 1334 700 remittit,
1363 625 1407 690 ut
1435 643 1598 710 pugnae
1619 621 1934 710 peritissimum,
1965 623 2032 709 qui

413 731 453 796 in
475 729 672 796 caedibus
694 729 883 816 gloriose
905 729 1107 800 ceciderit
1129 728 1288 794 alienae
1311 727 1496 795 mulieris
1517 749 1651 794 causa.

501 856 530 904 v.
555 841 629 900 429.
652 833 738 914 adds,
771 857 867 919 quam
894 832 1049 900 librorum
1080 833 1248 900 lectionem
1277 833 1484 900 Hermannus
1512 833 1544 898 in
1575 831 1614 896 ni
1636 834 1673 897 δί
1696 871 1741 883 --
1770 832 1875 911 „alia
1897 833 2034 900 tacite

413 940 501 1025 quis
517 940 723 1018 mussitet,
740 964 803 1006 non
819 939 1054 1025 suscipiendum
1071 939 1189 1005 scilicet
1206 938 1322 1004 bellum
1338 937 1437 1004 fuisse
1449 945 1583 1024 propter
1598 936 1761 1006 mulierem
1778 937 1977 1006 adulteram“
1988 975 2034 1000 -ι

412 1049 588 1112 correctam
612 1045 690 1119 vult,
713 1045 843 1111 omnino
866 1065 934 1109 esse
954 1044 1152 1110 retinendam
1175 1049 1265 1131 puto.
1311 1042 1410 1123 Quod
1433 1042 1638 1108 Hermannus
1661 1041 1700 1106 ut
1723 1043 1759 1108 δέ
1779 1044 1818 1108 iis
1840 1064 1922 1128 qnae
1944 1065 2032 1130 pree-

412 1151 530 1217 cedunt
551 1150 745 1238 iungendum
769 1149 847 1225 vult,
871 1153 908 1214 ut
930 1149 975 1214 sit
996 1147 1051 1212 τίν
1071 1150 1128 1229 μίν
1151 1151 1289 1231 λέγουσιν
1311 1143 1354 1222 ὥς
1373 1145 1478 1229 μιίχης
1499 1145 1588 1228 ίδρις,
1613 1147 1669 1212 eds
1691 1148 1725 1212 δί
1747 1149 1780 1212 iv
1800 1158 1911 1233 φοναῖς
1931 1153 2034 1222 καλῶς

413 1253 557 1334 πεσόντα,
582 1253 621 1318 roi
644 1256 678 1318 ds*
699 1251 771 1337 otyri
793 1278 840 1329 τις
857 1252 975 1332 βαΰζει,
1000 1254 1156 1320 neminem
1180 1275 1248 1320 esee
1269 1253 1376 1318 iudico
1398 1252 1454 1336 qui
1474 1251 1599 1338 probet.
1643 1251 1728 1320 Nam
1751 1256 1784 1318 et
1806 1251 1975 1319 verborum
1999 1256 2035 1318 et

411 1361 640 1427 sententiarum
671 1362 841 1425 contextus
863 1359 1033 1424 exsisteret
1055 1358 1254 1424 durissimus.
1299 1359 1381 1426 Post
1408 1355 1462 1421 τδν
1483 1355 1540 1439 μίν
1561 1395 1606 1405 -
1627 1355 1682 1420 τὸν
1704 1357 1739 1422 a
1767 1358 1897 1422 tertium
1920 1355 1975 1420 τόν
1998 1357 2034 1420 δέ

411 1466 602 1550 requiritur,
626 1463 665 1527 τὰ
688 1464 724 1527 δί
743 1461 822 1528 ferri
843 1465 961 1548 nequit.
1008 1463 1068 1529 illa
1091 1486 1166 1530 vero
1190 1486 1272 1550 quae
1294 1462 1393 1528 tacite
1416 1463 1487 1548 quie
1512 1463 1678 1538 mussitat,
1707 1484 1771 1528 non
1793 1466 1869 1528 sunt
1891 1461 1953 1527 alia
1975 1461 2033 1530 sed

412 1571 522 1638 eadem
553 1591 635 1656 quae
665 1569 727 1634 iam
758 1567 1023 1655 praecedentibus
1051 1567 1108 1632 τδι
1126 1571 1184 1651 μίν
1204 1606 1248 1618 -
1271 1567 1326 1632 τδι
1347 1569 1383 1632 δέ
1410 1566 1733 1656 comprehenduntur.
1778 1567 1953 1633 Praeterea
1975 1564 2031 1630 τδι

410 1675 468 1756 μίν
489 1713 533 1723 -
555 1673 612 1738 τὸν
633 1675 669 1738 δέ
690 1672 739 1739 hic
762 1697 825 1740 non
847 1679 934 1740 recte
956 1675 1085 1762 opponi,
1108 1696 1208 1761 supra
1231 1674 1294 1738 iam
1317 1672 1533 1738 demonstravi
1557 1671 1612 1762 (ci.
1635 1677 1744 1738 annot.
1766 1696 1797 1738 v.
1820 1670 1921 1760 427.)
1957 1667 2031 1735 τάδε

410 1778 568 1848 referatur
591 1781 721 1865 oportet
743 1778 783 1843 nd
806 1801 843 1844 ea
864 1801 946 1865 quae
969 1779 1174 1866 praecedunt-
1211 1779 1344 1856 Talis,
1368 1782 1502 1866 propter
1523 1777 1700 1844 adulteram
1724 1777 1844 1844 scilicet
1867 1777 2030 1842 mulierem

411 1884 529 1950 multos
551 1882 624 1950 belii
647 1884 856 1971 peritissimos
888 1883 1064 1950 fortissime
1093 1890 1272 1972 pugnantes
1300 1884 1466 1961 cecidisse,
1495 1882 1599 1949 talia
1629 1883 1747 1950 multi
1777 1883 1898 1950 taciti
1927 1904 2029 1946 mus-

409 1991 549 2054 sitant.
595 1989 683 2054 Bene
704 1988 850 2076 profectu
871 1989 934 2054 iam
958 1987 1138 2066 Schiitzius,
1163 2013 1256 2076 quem
1279 1990 1485 2056 Hermannus
1506 1988 1624 2056 idcirco
1647 1991 1821 2077 vituperet,
1847 1989 1893 2056 sic
1914 1988 2031 2054 vertit:

409 2097 465 2172 „et
487 2094 548 2161 hoc
570 2095 676 2181 ipsum
700 2094 791 2159 multi
814 2098 889 2158 sunt
911 2095 966 2179 qui
987 2095 1085 2160 tacite
1108 2096 1311 2160 mussitent.“

496 2223 526 2264 v.
559 2207 635 2265 430.
680 2199 772 2282 ιίλγος
811 2203 860 2264 est
900 2199 992 2265 dolor
1031 2199 1285 2287 propinquorum
1326 2201 1381 2286 qui
1413 2201 1525 2288 lugent
1558 2203 1693 2264 mortem
1727 2223 1859 2266 suorum
1893 2202 2029 2288 propter

410 2305 573 2370 mulierem
606 2305 785 2370 aduiteram
818 2305 1003 2373 occisorum.
1056 2305 1122 2370 Sed
1162 2327 1259 2390 quum
1293 2305 1367 2371 huic
1401 2305 1504 2372 dolori
1537 2304 1646 2370 odium
1679 2305 1712 2369 in
1744 2327 1798 2371 eos
1832 2306 1886 2391 qui
1918 2305 2027 2371 caedis

408 2415 461 2476 tot
489 2410 739 2476 fortissimorum
768 2411 909 2476 virorum
939 2415 1087 2476 auctores
1116 2415 1206 2487 sunt,
1239 2413 1272 2477 in
1301 2412 1451 2487 Atridas,
1485 2411 1712 2497 coniungatur,
1746 2409 1838 2493 ἄλγος
1870 2409 2028 2496 φθονερόν

408 2517 543 2594 dicitur,
574 2515 692 2582 dolor
718 2515 805 2580 odii
835 2515 988 2602 plenus.
1040 2514 1207 2581 Klausenii
1240 2515 1438 2601 aliorumque
1467 2515 1671 2602 explicationi
1700 2514 1814 2592 „dolor
1842 2538 1882 2581 ex
1908 2515 2027 2581 invidia

409 2627 500 2687 crtus
530 2623 628 2688 tacite
655 2624 790 2708 paratur
819 2621 966 2686 Atridis“
998 2621 1063 2685 iam
1098 2643 1204 2686 rernm
1239 2624 1409 2687 contextus
1443 2620 1718 2686 vehementissime
1750 2625 1916 2708 repugnet.
1962 2621 2026 2686 Hic

407 2729 491 2794 enim
523 2728 614 2794 dolor
648 2751 712 2792 non
746 2725 826 2792 alius
860 2747 929 2791 esse
960 2728 1071 2813 potest
1103 2727 1163 2790 nisi
1192 2727 1233 2791 de
1262 2750 1327 2813 quo
1358 2727 1503 2814 proxime
1532 2748 1638 2791 sermo
1666 2725 1745 2804 suit,
1781 2727 1873 2792 dolor
1901 2727 2029 2813 propin-

408 2856 556 2918 quorum.
602 2831 668 2900 Sed
691 2832 864 2918 quaeritur,
889 2853 1026 2916 quocum
1051 2831 1178 2896 dativus
1197 2831 1366 2914 Ἀτρείδαις
1388 2830 1626 2918 coniungendus
1649 2831 1701 2896 sit.
1745 2830 1909 2918 Engerus,
1932 2853 2027 2916 quem

406 2937 677 3025 Naegelsbaehius
699 2938 862 3022 sequitur,
886 2936 1029 3003 dativum
1058 2959 1098 3003 ex
1128 2936 1285 3002 adiectivo
1307 2935 1466 3021 φθονερόν
1492 2939 1604 3022 aptum
1628 2958 1697 3002 esse
1719 2937 1898 3013 existimat,
1924 2941 1962 3002 ut
1984 2937 2029 3000 sit

406 3041 501 3128 ι’ίλγος
530 3043 689 3130 φθονερόν
717 3045 874 3128 προδίκοις
898 3042 1067 3124 Ἀτρείδαις
1097 3042 1202 3107 luctus
1230 3041 1342 3128 plenus
1370 3042 1402 3106 in
1424 3041 1559 3107 Atridas
1581 3044 1656 3108 odii.
1700 3043 1747 3108 At
1769 3043 1833 3106 iam
1855 3041 2025 3108 verborum

407 3150 563 3230 προδίκοις
587 3147 757 3230 Ἀτρείδαις
786 3147 952 3213 collocatio
981 3148 1121 3213 indicare
1151 3147 1295 3224 ridetur,
1324 3169 1362 3211 ea
1390 3167 1463 3211 cum
1492 3148 1573 3228 δ’ριιιι
1602 3169 1670 3213 esse
1700 3148 1870 3234 iungenda
1914 3145 2025 3228 Neque

406 3275 483 3320 rero
505 3275 604 3339 quum
628 3251 725 3318 verba
747 3255 903 3334 προδίκοις
922 3251 1091 3336 Ἀτρείδαις
1112 3253 1183 3318 roei
1205 3252 1287 3332 ίραιι
1310 3253 1504 3338 iunguntur,
1528 3253 1560 3317 in
1587 3253 1626 3317 iis
1648 3274 1759 3318 sensus
1781 3253 1884 3318 inesse
1905 3251 2023 3336 potest,

407 3381 584 3424 moerorem
613 3359 645 3424 in
668 3358 859 3424 Atridarum
889 3357 1030 3424 animum
1051 3358 1182 3423 intrare.
1228 3356 1327 3437 Quod
1348 3361 1387 3422 ut
1408 3358 1508 3424 verba
1536 3358 1731 3444 significent,
1759 3379 1841 3445 opus
1863 3359 1913 3420 est
1934 3374 2022 3418 accu-

405 3464 509 3529 sativo
537 3465 702 3546 αροδίκοιις
727 3463 899 3546 Ἀτρείδαςς
930 3485 1002 3527 nam
1033 3462 1205 3549 subrepere
1234 3461 1366 3527 alicuius
1398 3462 1505 3527 animo
1535 3467 1583 3528 est
1612 3460 1761 3548 ὑφίροειν
1789 3459 1857 3528 τινά
1877 3483 1943 3528 uon
1966 3460 2029 3524 τινί

404 3569 445 3636 cf.
462 3571 577 3656 Agam.
596 3575 667 3638 255.
693 3567 837 3655 Choeph.
855 3573 928 3636 457.
962 3567 1102 3633 Datirus
1125 3567 1185 3634 hoc
1207 3567 1279 3632 loco
1301 3569 1427 3654 positus
1450 3573 1500 3633 est
1521 3567 1650 3634 dativus
1670 3569 1830 3634 commodi
1851 3568 1900 3634 vel
1915 3567 2028 3656 potius

405 3675 608 3741 incommodi.
645 3675 756 3760 Atque
778 3695 889 3740 seusus
912 3677 976 3738 est:
999 3674 1157 3738 Luctus
1183 3672 1266 3740 edii
1289 3673 1436 3760 plenus
1459 3673 1652 3760 subrepit
1674 3673 1846 3740 ducibus
1862 3673 2027 3739 Atridis

405 3782 424 3848 i.
447 3801 473 3849 e.
497 3781 701 3846 adversus
722 3778 848 3845 duces
870 3777 1050 3845 Atridas.
1094 3778 1204 3844 Multo
1226 3783 1333 3844 autem
1357 3780 1459 3865 magis
1482 3779 1606 3866 poetice
1629 3777 1706 3844 mihi
1732 3777 1792 3846 hcc
1812 3779 1934 3844 dictum
1956 3795 2025 3841 esse

404 3887 541 3963 videtur,
564 3885 721 3951 Trauer
742 3883 826 3950 voli
848 3883 955 3950 Hass
978 3882 1187 3950 schleicht
1208 3905 1343 3970 gegeu
1366 3885 1432 3948 die
1454 3882 1631 3949 Atriden
1653 3883 1794 3958 heran,
1817 3903 1912 3967 quarn
1936 3874 2023 3961 quod

404 3991 534 4080 Engero
549 3996 583 4056 et
598 3989 850 4077 Naegelsbaehio
865 3989 980 4077 plecet,
1003 3989 1158 4055 Trauer
1173 4010 1300 4076 gegen
1315 3989 1376 4054 die
1391 3989 1570 4066 Atriden
1591 3988 1674 4056 roll
1692 3988 1798 4054 Hsss
1821 3977 2022 4050 schleicht

403 4096 539 4162 heran.
584 4097 696 4164 Tacite
719 4101 815 4182 utque
836 4096 922 4161 lente
942 4095 1047 4160 luctus
1070 4093 1135 4160 cdii
1157 4093 1269 4182 plenus
1291 4092 1436 4183 subrepit
1459 4093 1612 4161 adversus
1634 4093 1783 4166 Atridas,
1805 4089 1837 4153 in
1859 4085 1927 4150 dies
1950 4105 2024 4172 pro-

403 4203 475 4289 pius
497 4202 629 4278 accedit,
652 4202 753 4268 donec
775 4203 904 4268 tandem
926 4201 1059 4266 Atrides
1081 4201 1277 4287 pessumdet.

490 4332 517 4376 v.
543 4315 617 4374 432.
648 4307 677 4371 οί
707 4307 744 4372 δι’
769 4331 832 4374 non
862 4311 939 4373 sunt
967 4305 1043 4382 „alii
1069 4309 1166 4389 atque
1196 4327 1332 4390 quornm
1367 4304 1487 4370 cineres
1510 4305 1641 4371 domurn
1663 4301 1909 4386 reportantem,
1934 4297 2024 4385 quod

402 4412 675 4501 Naegelsbachius
698 4413 910 4480 Kiansenium
934 4411 1076 4495 aliosque
1098 4414 1226 4474 secutus
1248 4411 1372 4487 asserit,
1395 4409 1451 4476 sed
1473 4433 1546 4476 eum
1564 4410 1695 4494 Engero
1717 4403 1812 4470 iidem
1835 4408 1912 4470 sunt
1932 4401 2022 4469 intel-

402 4519 530 4608 ligendi,
554 4541 712 4605 „quorum
735 4521 856 4586 eineres
879 4517 1007 4604 quidem
1030 4515 1160 4581 domum
1184 4517 1260 4580 sunt
1281 4516 1453 4603 reportati,
1488 4514 1585 4580 nihilo
1607 4516 1716 4578 tamen
1746 4511 1851 4577 miuus
1877 4511 1911 4574 in
1932 4512 2024 4573 terre

401 4625 511 4692 hostili
533 4629 609 4692 sunt
630 4623 771 4702 humati;
800 4624 994 4692 nemetiam
1024 4621 1063 4699 ii,
1095 4620 1210 4706 quibus
1241 4620 1384 4686 tumulos
1413 4620 1455 4686 ad
1477 4620 1608 4686 Troiam
1636 4620 1866 4682 exstruxerunt
1895 4609 2023 4683 Gneo.

402 4735 498 4798 antea
531 4733 608 4796 sunt
640 4728 830 4798 combusti.“
874 4729 903 4794 οί
937 4729 973 4794 δέ
1001 4729 1077 4792 sunt
1108 4725 1218 4800 occisi,
1253 4747 1334 4809 quos
1368 4726 1539 4812 propinqui
1568 4724 1682 4810 lugent
1714 4727 1812 4808 atque
1840 4715 2019 4804 deplorant,

402 4839 536 4923 propter
559 4858 640 4922 quoe
655 4835 780 4902 Atridis
801 4835 945 4902 invident
966 4838 1064 4918 atque
1085 4836 1280 4898 succensent.
1323 4829 1369 4894 Hi
1391 4830 1453 4916 ipsi
1486 4830 1581 4896 occisi
1602 4832 1813 4917 opponuntur
1833 4820 2023 4910 propinquis

401 4942 481 5008 vivis
504 4941 730 5010 moerentibus.
775 4941 861 5010 Vere
884 4941 984 5029 igitur
1004 4937 1153 5025 Engerus
1176 4931 1240 5022 (ed.
1263 4932 1330 5022 mi.)
1353 4935 1584 5000 sententiarum
1607 4939 1792 5002 contextum
1814 4927 1900 4994 hisce
1922 4925 2021 5013 expli-
