4554 5612
860 399 1301 456 *21*

264 629 335 692 cat:
356 621 424 700 „So
447 620 562 709 klagen
584 643 624 686 zu
647 619 761 684 Haase
783 619 844 684 die.
857 619 1085 706 Angehlirigen
1107 643 1161 684 um
1184 619 1237 686 die
1258 618 1460 696 Gefallenen,
1483 619 1570 703 diese
1591 617 1682 698 aber,
1704 619 1757 686 die
1780 619 1888 687 Gelai-

270 731 366 806 lenen,
389 726 494 794 haben
516 728 592 792 dort
614 749 667 790 um
685 724 796 790 lliums
811 724 927 791 Mauer
949 725 1019 790 ihre
1035 723 1163 790 Griiber
1185 726 1249 791 und
1271 747 1305 790 ea
1328 726 1423 791 deckt
1445 726 1490 791 sie
1512 724 1696 792 seindliclrea
1717 726 1842 793 Land.·‘

353 857 384 898 v.
407 840 480 900 434.
512 831 661 914 εὔμορφοι
690 829 777 898 Flor.
810 829 895 895 vict.
926 827 1094 916 εὐμόρφοις
1120 829 1217 896 Fara.
1263 831 1349 898 Vere
1377 830 1594 896 Blomlieldius
1624 831 1718 917 plane
1747 832 1886 898 otiosum

264 939 419 1024 εὔμορφοι
441 941 532 1002 ratus
553 936 756 1002 scribendum
778 939 875 1021 putat
897 933 1092 1018 εὐμόρφους,
1126 957 1221 1020 quam
1252 937 1505 1002 emendationem
1534 936 1595 1000 iam
1619 935 1697 1000 illud
1721 935 1888 1020 εόμόρφιος

263 1045 364 1112 Farn-
388 1042 600 1110 commendat.
645 1040 772 1107 Deinde
794 1060 987 1124 quamquam
1017 1037 1175 1124 εὔμορφος
1203 1063 1266 1106 non
1293 1063 1425 1128 ¹semper
1447 1041 1575 1127 proprie
1597 1041 1669 1118 dici,
1693 1041 1749 1106 aad
1772 1041 1885 1106 referri

264 1151 364 1216 etiam
388 1148 430 1212 ad
452 1148 514 1213 alia
537 1169 617 1232 quae
639 1145 812 1212 laudabilia
833 1145 882 1210 vel
904 1148 1019 1211 oruata
1041 1148 1127 1220 sunt,
1148 1146 1354 1211 Hermannua
1376 1168 1450 1212 vere
1472 1149 1621 1222 annotat,
1654 1149 1763 1212 tamen
1786 1167 1886 1231 quum

268 1259 302 1321 et
323 1255 391 1341 ipse
418 1253 582 1339 propriam
611 1253 773 1318 notionem
803 1250 978 1316 formosi
1007 1249 1067 1316 hoc
1096 1251 1165 1318 loco
1194 1275 1327 1338 prorsus
1356 1251 1587 1340 repudiandam
1615 1273 1684 1324 esse
1714 1251 1886 1328 existimet,

269 1384 332 1427 non
354 1357 556 1444 intelligitur,
587 1356 665 1441 quid
694 1356 845 1440 εὔμορφοι
876 1355 1017 1420 όοοονί
1046 1354 1098 1422 hie
1120 1348 1180 1422 sibi
1200 1357 1284 1426 velit.
1330 1357 1414 1422 Nam
1436 1379 1491 1423 eos
1512 1355 1684 1422 fortissime
1706 1360 1887 1443 pugnantes

270 1466 426 1554 gloriosae
454 1463 549 1530 morti
577 1462 778 1537 occubuisse,
803 1461 854 1526 hic
882 1462 945 1526 iam
971 1484 1035 1526 non
1058 1461 1184 1548 agilum
1215 1463 1247 1526 in
1270 1463 1308 1526 iis
1332 1483 1412 1547 quae
1433 1464 1580 1548 proxime
1601 1462 1797 1549 praecedunt
1817 1463 1885 1527 eius

270 1573 314 1638 rei
336 1571 455 1636 mentio
476 1568 563 1634 facta
585 1571 644 1636 est.
691 1565 858 1632 Sententia
886 1587 963 1632 vero
992 1589 1073 1651 quae
1102 1568 1213 1632 atatim
1244 1569 1404 1654 sequitur,
1432 1566 1531 1650 ἐχθρὰ
1562 1566 1719 1648 δ’ὔχοντος
1740 1565 1883 1650 ὔκρνιμιν,

272 1675 541 1742 vehementissime
562 1673 700 1760 flagitat,
722 1676 760 1738 ut
781 1672 872 1737 iniis
895 1693 976 1757 quae
1000 1671 1195 1759 praecedunt
1217 1674 1376 1738 sententia
1396 1673 1489 1747 insit,
1511 1694 1594 1757 quae
1615 1671 1661 1736 illi
1682 1672 1884 1759 respondeat.

272 1780 402 1868 Optime
424 1785 531 1846 autem
553 1780 637 1844 inter
659 1801 694 1844 sa
715 1778 910 1865 respondent
933 1777 1036 1860 θήκας
1058 1774 1236 1864 εὐμόρφους
1257 1783 1291 1844 et
1305 1777 1407 1860 όχθρό
1431 1799 1472 1846 aa.
1496 1785 1544 1862 γᾶ.
1581 1777 1649 1843 llli
1671 1781 1806 1842 autem
1829 1775 1884 1842 ibi

266 1889 378 1954 circa
401 1884 560 1952 moenia
582 1882 696 1973 (τιΐχος
717 1905 776 1970 pro
799 1881 888 1957 πόλις
910 1883 1051 1970 positum
1075 1881 1138 1970 ast)
1171 1887 1309 1948 terrae
1332 1884 1494 1950 Iliacae
1520 1883 1715 1970 sepulcra
1735 1881 1888 1946 deeora

264 1993 476 2068 obtinent,
500 1991 571 2055 sed
593 1989 764 2055 inimica
786 1990 903 2053 tarra
924 1991 1117 2052 tenentes
1140 1989 1340 2056 condidit.

353 2121 384 2163 v.
407 2102 480 2162 435.
511 2095 652 2177 ὔχονκιις,
685 2117 745 2182 pro
773 2115 836 2178 qua
861 2113 940 2158 voce
961 2093 1108 2158 Auratus
1137 2090 1279 2171 ἑλόντας,
1316 2093 1458 2160 Orelliua
1479 2093 1647 2176 ὔχθοντος,
1682 2092 1887 2179 Hartungius

264 2201 367 2286 ὶχθροὶ
391 2203 423 2265 da*
442 2200 533 2282 χθὼν
554 2203 754 2281 κατέκρυψεν»,
779 2198 832 2262 alii
854 2198 916 2262 alia
938 2202 1114 2275 tentarunt,
1137 2199 1207 2264 iure
1230 2199 1270 2265 ab
1285 2201 1472 2265 Hermanno
1490 2199 1686 2275 defenditur3
1709 2221 1781 2263 uam
1798 2219 1887 2284 prae-

264 2309 429 2376 cedentem
453 2328 561 2372 vocem
583 2305 710 2386 ὔχοντιις
730 2304 836 2390 ipsum
860 2303 947 2388 quod
969 2303 1114 2389 sequitur
1136 2306 1317 2385 κατέχουσιν
1339 2309 1461 2372 tuetur.
1493 2307 1715 2370 Verumtamen
1739 2302 1821 2380 „etsi
1844 2302 1885 2368 ad

265 2413 368 2496 θὴκιις
393 2411 547 2488 refertur,
576 2413 621 2476 sic
650 2415 701 2476 est
729 2408 868 2486 dictum,
899 2413 937 2474 ut
966 2409 1060 2475 simul
1090 2411 1285 2497 compotitur
1308 2415 1414 2478 terrae
1443 2411 1526 2476 illius
1548 2409 1721 2497 significet,
1751 2413 1789 2473 ut
1811 2429 1888 2473 vere

266 2519 490 2585 animadvertit
513 2516 752 2583 Blomlieldius“
777 2513 972 2604 (Hermam).
1031 2602 1051 2692 §

1055 2645 1063 2668 ι
1088 2611 1117 2671 7.

352 2729 499 2816 luppiter
519 2729 646 2796 Paridis
669 2726 797 2812 quidem
821 2725 921 2791 scelus
944 2725 1054 2791 violati
1070 2725 1199 2812 hospitii
1223 2733 1398 2814 raptaeque
1412 2727 1553 2793 Helenae
1568 2725 1765 2792 severissime
1780 2725 1885 2809 punit,

268 2853 400 2916 poenam
422 2835 462 2900 de
484 2855 522 2898 eo
545 2834 673 2918 eiusque
694 2831 876 2916 fautoribus
898 2831 920 2895 i.
944 2853 970 2895 e.
1001 2831 1149 2896 universa
1170 2831 1383 2898 Troianorum
1413 2833 1543 2899 civitate
1570 2853 1698 2896 sumens
1720 2852 1777 2916 per
1798 2829 1886 2894 Atri-

270 2935 326 3002 das
349 2937 403 3024 (el.
426 2960 455 3002 r.
480 2943 522 3002 60
544 2937 636 3025 aqrp),
659 2938 714 3002 sed
736 2941 769 3002 et
791 2938 851 3022 ipsi
874 2936 1010 3004 Atridae
1032 2935 1094 3002 hoo
1115 2936 1270 3002 nefarium
1294 2937 1416 3004 facinus
1439 2938 1626 3004 ulciscentes
1648 2959 1764 3001 novum
1781 2934 1885 3000 aoelua

269 3043 484 3118 committunt,
502 3042 590 3126 quod
611 3047 754 3107 auctores
777 3045 853 3107 sunt
869 3041 1043 3106 multorum
1061 3043 1175 3107 civium
1199 3043 1305 3108 caedis
1320 3048 1455 3131 propter
1469 3043 1602 3110 alienam
1626 3041 1788 3106 mulierem
1812 3063 1884 3126 pro·

265 3147 435 3266 priamque
456 3145 603 3234 gloriam.
648 3145 743 3226 Quod
764 3169 882 3212 novum
906 3149 1024 3213 crimea
1047 3169 1087 3213 ne
1104 3148 1294 3213 Atridarum
1317 3149 1416 3213 ducat
1437 3148 1561 3214 ruinam
1584 3151 1681 3232 atque
1702 3145 1884 3233 perniciem,

265 3251 441 3316 maximum
465 3257 515 3317 est
537 3251 721 3338 periculum.
764 3253 848 3318 Nam
872 3275 982 3318 eorum
1005 3253 1060 3338 qui
1084 3253 1202 3318 multos
1235 3254 1464 3321 interfecerunt
1486 3255 1626 3320 vindices
1648 3255 1723 3316 sunt
1745 3250 1805 3324 dii,
1828 3249 1884 3334 qui

266 3377 321 3440 per
342 3355 443 3421 furias
466 3379 520 3423 eos
542 3357 689 3444 perdunt.
735 3361 850 3443 ltaque
880 3359 976 3423 laudo
1004 3358 1167 3424 fortunam
1200 3382 1263 3426 non
1286 3361 1429 3426 invisam.
1474 3359 1607 3427 Utinam
1632 3377 1734 3478 nequa
1756 3354 1883 3419 urbium

270 3459 495 3528 devastator
470 3485 528 3526 sim
553 3485 655 3549 neque
678 3463 813 3528 aliorum
836 3483 947 3528 servus
968 3465 1068 3528 vitam
1091 3485 1195 3550 agam.

352 3567 520 3648 decelat*
504 3566 881 3656 ιιοτιῖινφότιςξννκότῳ
929 3567 1046 3652 όντ.’.χ
1187 3570 1339 3636 terrra*
1321 3570 1474 3656 αμονρόν,
1499 3571 1531 3635 ἓν
1552 3567 1698 3642 delictam
1818 3572 1886 3632 445

354 3670 544 3756 όημοκρόχοο
567 3674 679 3759 δ’όρᾶς
702 3675 774 3738 τόνοι
794 3675 896 3760 χρέος.
1186 3675 1370 3752 τελόθοντος
1391 3675 1479 3751 οὔτις
1499 3671 1591 3740 citari.

349 3775 428 3856 pira
451 3775 614 3842 δ’όκοῦσαό
637 3781 669 3842 τό
687 3802 749 3860 μου
1185 3779 1222 3844 τὸ
1246 3777 1456 3862 δ’ὖπερκότως
1477 3777 1577 3845 aidan
1600 3771 1633 3842 εὔ

348 3879 478 3962 pdprpra
500 3883 695 3968 Wflttlvfwt't·
1184 3883 1284 3967 βορό.
1306 3886 1454 3965 βάλλεται
1476 3883 1535 3970 γὰρ
1559 3883 1664 3957 ὄσσοις

347 3991 408 4048 τῶν
428 3985 628 4050 πολυκτόνων
649 3985 708 4068 γὰρ
732 3986 790 4053 οὐκ
979 3997 1044 4056 440
1184 3989 1306 4057 Διόθεν
1327 3988 1488 4074 κεραυνός.

344 4087 475 4154 ἄσκοποι
498 4093 584 4155 θεοί.
608 4096 717 4154 κελαι-
1185 4098 1279 4180 κρόνιιι
1302 4095 1329 4158 d'
1354 4095 1498 4182 ὔφθονον
1519 4093 1623 4178 ὄλβον.
1817 4101 1886 4161 450
2017 4067 2019 4072 V

343 4197 392 4259 aui
416 4195 442 4255 δ’
464 4193 601 4276 Ἐρινόις
619 4191 725 4282 χρόνῳ
1185 4199 1257 4285 μήτ’
1282 4200 1347 4284 εὔην
1368 4198 1591 4283 πτολιπόρθης,

344 4296 480 4380 τνχῃρόν
503 4298 564 4366 ὄντ’
589 4297 663 4364 ἄνευ
685 4302 772 4377 ιλόκας
1185 4305 1256 4390 μήτ’
1282 4298 1339 4369 οὔκ
1360 4304 1455 4381 adada
1476 4300 1573 4380 ἁλοὺς
1593 4300 1644 4370 ὕπ’
1669 4305 1736 4372 ὄλ-

346 4409 524 4482 ποιλιντνχιῖ
541 4410 634 4494 τριβᾷ
656 4408 729 4486 βίον
1187 4413 1338 4490 lucadius
1359 4413 1522 4493 κατίδοιμι

343 4525 372 4572 v.
398 4511 471 4572 436.
497 4505 614 4574 Gravia
635 4517 744 4578 autem
768 4516 818 4580 ast
839 4515 954 4580 civium
978 4539 1090 4584 rumor
1110 4540 1182 4584 cum
1205 4519 1263 4592 ira,
1286 4517 1304 4584 i.
1323 4539 1350 4584 ε.
1367 4538 1481 4602 graves
1503 4521 1578 4582 suut
1599 4519 1716 4584 civium
1738 4517 1883 4584 iracundi

253 4631 429 4685 sermones,
453 4611 506 4694 qui
522 4614 669 4683 oriuntur
691 4641 732 4684 ex
747 4619 802 4687 illo
817 4627 964 4709 φθονερῷ
986 4621 1080 4704 ἄλγει.
1114 4623 1207 4708 φότις
1228 4622 1270 4688 ad
1292 4643 1516 4708 praegressum
1539 4621 1613 4688 τόδε
1630 4623 1700 4706 οῖμλ
1717 4647 1762 4698 τις
1776 4623 1880 4702 dotia

253 4719 391 4802 spectat,
415 4713 471 4791 ξὺν
489 4713 572 4782 κόιιι
594 4727 702 4790 autam
724 4726 766 4790 ad
788 4725 948 4812 φθονερόν
969 4725 1072 4810 ὔλχος.

343 4843 373 4884 ν.
395 4827 470 4888 437.
516 4784 705 4894 Saibieutum
741 4835 791 4896 eat
818 4831 926 4916 φότις,
962 4855 1074 4898 rumor
1106 4833 1158 4898 ille
1191 4833 1379 4909 iracundus,
1416 4783 1472 4898 aed
1495 4833 1572 4918 quid
1602 4833 1645 4898 ait
1675 4833 1747 4896 τόιιι
1776 4831 1881 4916 χρόος,

253 4925 428 5010 quaeritur.
472 4927 547 4996 Non
579 4937 732 5000 accurata
758 4935 1027 5024 Naegelsbachiua
1056 4939 1288 5024 interpretatur
1319 4941 1429 5022 ,τίνειν
1453 4939 1563 5023 χρέος,
1596 4940 1762 5026 praestare
1793 4938 1883 5023 quod
