4554 5612
985 436 1138 446 -.....
1186 407 1226 464 22
1272 438 1425 446 ,..,-.

394 625 499 692 lacere
521 626 617 693 debet
638 624 735 703 alius,
763 626 783 693 i.
806 647 832 693 e.
854 626 954 692 vicem
979 625 1110 692 alicuius
1133 632 1313 713 praestare,
1337 649 1440 714 agere.
1489 625 1568 692 aaa
1597 626 1659 692 den
1682 627 1799 694 Werth
1820 629 2010 706 entrichten,

395 735 565 808 erstatten,
589 735 748 808 eraetzen,
771 730 886 796 Ersatz
901 731 1044 796 leisten“.
1096 736 1142 796 At
1165 735 1255 796 τίνιιν
1273 733 1365 818 χρίος
1387 755 1445 819 per
1466 755 1502 798 se
1522 732 1604 798 hanc
1625 734 1805 810 notionem,
1829 737 2011 821 ,praestare

394 837 481 924 quod
503 837 608 902 facere
631 837 726 903 debat
748 836 860 915 alins“,
883 860 945 902 non
968 835 1074 902 habet
1118 839 1209 900 τίνειν
1228 837 1320 918 χριίις
1341 859 1400 924 per
1420 859 1455 904 se
1477 837 1636 925 significat
1666 843 1902 924 praestare,
1937 840 2011 905 sol-

394 963 500 1018 rere,
523 943 762 1029 persolvere
785 941 979 1017 debitum,
1003 965 1067 1008 non
1089 943 1176 1027 quod
1199 941 1377 1028 persolvere
1399 943 1495 1008 debet
1510 943 1608 1018 alius,
1631 943 1688 1009 esd
1711 947 1782 1008 tuto
1801 945 1869 1031 ipse
1892 945 2010 1032 persol-

393 1070 468 1113 vero
488 1047 594 1148 debas.
640 1046 789 1114 Genitivo
812 1048 990 1134 possessivo
1007 1049 1075 1113 voci
1086 1048 1179 1129 χρίος
1201 1047 1311 1112 addito
1334 1051 1424 1112 τίνειν
1435 1050 1528 1132 χρίος
1548 1049 1710 1114 notionem
1733 1050 1882 1134 consequi
1900 1051 2011 1137 potest

393 1153 577 1241 praestandi
608 1153 693 1238 quod
724 1151 828 1217 facere
861 1151 957 1219 debet
990 1153 1080 1219 alius.
1137 1155 1227 1216 τίιοιν
1259 1154 1352 1234 χρίος
1385 1152 1467 1227 τινός
1502 1154 1602 1240 igitur
1634 1153 1793 1240 significat
1825 1153 2010 1222 debitum

394 1257 568 1323 alicuius
589 1258 853 1345 persolvere,
883 1259 903 1325 i.
925 1280 952 1325 e.
974 1258 1128 1335 „alicuius
1151 1258 1218 1322 vice
1240 1280 1351 1344 agere,
1386 1258 1495 1323 cadam
1520 1281 1583 1343 qua
1605 1258 1656 1323 ille
1678 1263 1840 1346 potestate
1862 1242 2009 1326 ornatum

393 1372 483 1429 esse“
507 1363 697 1450 (manaen).
742 1363 982 1448 ltaquesensus
998 1363 1091 1429 huius
1106 1364 1167 1428 loci
1190 1367 1257 1428 est:
1292 1361 1444 1429 Gravis
1466 1365 1614 1430 civium
1635 1364 1856 1430 iracundus
1871 1387 2011 1432 rumor

393 1467 580 1534 debitum
611 1470 772 1550 δημοκρ.
801 1467 901 1552 άρδς
929 1469 1077 1546 solvit,
1107 1471 1193 1534 vioe
1216 1471 1372 1550 δημοκρ.
1397 1468 1499 1550 ἀράς
1519 1469 1620 1555 agit,
1649 1470 1790 1536 eadem
1818 1472 1856 1537 vi
1886 1475 2010 1556 atque

394 1577 616 1660 potestate
637 1575 715 1649 est,
739 1595 815 1658 qua
837 1575 1003 1658 δημοκρ.
1034 1573 1129 1656 άρά,
1160 1574 1266 1660 „gilt
1288 1577 1397 1638 statt
1419 1573 1803 1662 volksverlriingten
1825 1575 2009 1657 Fluohs“,

394 1682 431 1743 ut
452 1677 722 1763 Naegelabochius
743 1681 850 1744 vertit.

480 1781 545 1848 Sed
567 1780 763 1866 δημοκράτου
778 1784 856 1867 άράς
870 1783 1025 1849 librorum
1045 1784 1140 1850 lectio
1155 1783 1231 1869 quid
1246 1783 1422 1870 significet,
1445 1783 1531 1848 haud
1546 1783 1638 1850 facile
1653 1789 1702 1851 est
1722 1786 1763 1850 ad
1778 1786 2010 1873 explicandum.

394 1887 448 1956 Ob
470 1910 540 1954 eam
562 1910 630 1954 rem
651 1889 831 1966 Porsonus,
854 1889 906 1955 cui
929 1911 1038 1954 omnes
1061 1891 1127 1955 fere
1142 1890 1262 1954 assensi
1277 1893 1367 1966 sunt,
1389 1889 1544 1954 librorum
1565 1889 1731 1956 lectionem
1747 1890 1780 1956 in
1795 1889 2012 1974 δημοκράντου

392 1995 472 2076 ἀρᾶς
494 1994 647 2070 mutavit,
671 1995 756 2080 quod
779 2019 842 2060 non
865 1996 967 2080 inagis
988 1994 1080 2060 facile
1102 1995 1297 2082 explicatum
1332 1995 1384 2060 alii
1406 1997 1515 2062 autem
1537 1995 1598 2060 alia
1620 1995 1848 2060 emendationis
1871 1995 2011 2082 pericula

392 2103 639 2188 proposuerunt.
690 2099 911 2186 Hartungius,
948 2100 1003 2184 qui
1039 2099 1254 2183 δημοκράντου
1287 2101 1404 2188 corrigi
1437 2099 1520 2176 vult,
1554 2100 1629 2164 mihi
1662 2101 1788 2186 quidam
1825 2097 1867 2166 ad
1903 2124 2009 2168 veram

392 2205 558 2270 lectionem
582 2203 714 2291 propius
737 2205 886 2270 accedere
907 2204 1044 2273 videtur.
1082 2203 1184 2270 Gravi
1205 2207 1288 2270 enim
1305 2206 1425 2270 rumori
1440 2205 1556 2271 civium
1571 2207 1735 2292 aptissime
1757 2207 1877 2293 opponi
1899 2207 2010 2297 populi

393 2309 563 2375 clamorem
586 2311 826 2386 exsecrationis,
856 2310 947 2376 facile
968 2310 1166 2398 intelligitur.
1211 2311 1264 2376 De
1291 2311 1509 2376 exsecratione
1536 2334 1607 2376 cum
1642 2311 1751 2398 populi
1779 2312 1917 2380 clamore
1939 2336 2011 2380 con-

392 2415 499 2480 iuncta
521 2435 627 2479 sermo
648 2419 698 2479 eut
719 2417 835 2502 Agnm.
891 2423 985 2482 1370.
1009 2415 1209 2499 δημοθρόους
1238 2415 1334 2498 ἀράς,
1365 2439 1394 2484 v.
1422 2423 1514 2483 1374.
1542 2415 1723 2502 δημόθρους
1753 2415 1843 2499 ripole.
1890 2417 2010 2499 Quam-

392 2543 488 2605 quam
510 2519 685 2606 Hartungii
707 2520 922 2603 δημοκράντου
943 2521 1028 2586 idem
1051 2520 1223 2608 significat,
1247 2527 1355 2587 tamen
1377 2520 1524 2607 equidem
1548 2521 1654 2586 malim
1682 2521 1896 2606 δημοκράμοιι,
1928 2546 2012 2609 quae

393 2648 455 2691 vox
485 2629 518 2690 et
547 2626 704 2691 sententia
734 2629 767 2690 et
796 2625 900 2691 forma
921 2626 1103 2691 defenditur
1129 2649 1207 2691 voce
1234 2623 1424 2708 δημόθρους.
1477 2625 1584 2713 Alpha
1606 2649 1683 2691 vero
1704 2629 1791 2693 vocis
1815 2625 2010 2712 δημδκριιγος

391 2731 522 2818 longum
545 2753 615 2796 esse
637 2730 925 2817 pronunciandum,
948 2753 987 2796 ex
1003 2732 1041 2796 iis
1061 2731 1267 2817 intelligitur,
1291 2753 1371 2816 quae
1393 2731 1576 2797 liobeckius
1591 2728 1730 2818 Paralip.
1754 2756 1785 2819 p.
1808 2740 1882 2801 408.
1905 2733 2009 2802 docet.

391 2835 459 2901 Pro
481 2833 678 2918 δημοκράγου
700 2840 808 2901 autem
830 2835 978 2902 facillime
999 2833 1196 2918 δημοκράτου
1219 2835 1390 2922 subrepere
1406 2837 1527 2922 potuit,
1550 2859 1647 2922 quum
1668 2837 1850 2902 litterarum
1873 2843 1904 2903 Γ
1922 2843 1956 2904 et
1981 2845 2013 2904 Τ

391 2941 454 3006 iam
482 2962 541 3026 par
568 2961 602 3004 se
623 2939 722 3005 facilia
745 2942 941 3028 permutatio
968 2963 1006 3006 eo
1034 2939 1158 3006 facilius
1188 2962 1208 3004 a
1235 2940 1366 3005 librario
1392 2941 1461 3006 fieri
1482 2946 1609 3029 posset,
1644 2965 1709 3028 quo
1736 2944 1847 3010 melius
1869 2946 2010 3012 novisset

391 3067 500 3112 vocem
525 3045 635 3109 tritam
658 3048 850 3130 δημοκρατία
872 3070 967 3132 quam
990 3046 1070 3111 illud
1097 3043 1179 3122 άιταξ
1202 3045 1364 3128 λεγόμενον
1386 3045 1590 3131 δημάκραγος.
1623 3048 1747 3114 Rumor
1768 3049 1868 3136 igitur
1889 3051 2008 3116 tacitus

321 3171 322 3176 ’
391 3152 506 3218 civium
529 3150 710 3216 iracundiae
731 3151 842 3238 plenus
866 3153 976 3218 eadem
1000 3152 1033 3216 vi
1058 3156 1156 3236 atque
1188 3154 1349 3236 potestate
1379 3158 1429 3216 est
1456 3174 1521 3236 qua
1544 3153 1719 3219 exsecratio
1740 3154 1871 3220 clamori
1898 3153 2008 3242 populi

391 3257 575 3332 coniuncta,
599 3257 620 3319 i.
642 3277 668 3323 a.
691 3257 826 3322 eundem
848 3259 1059 3344 perniciosum
1076 3259 1196 3322 exitum
1220 3256 1272 3322 ille
1294 3279 1405 3322 rumor
1427 3258 1544 3322 tacitus
1561 3257 1692 3324 habebit
1714 3281 1808 3344 quem
1831 3259 2006 3324 exsecratio

392 3362 531 3428 clamosa
553 3360 670 3426 habere
693 3362 783 3430 solet.
797 3401 842 3412 —
856 3361 969 3448 Neque
990 3385 1066 3428 vero
1090 3384 1221 3449 prorsus
1236 3365 1323 3427 recte
1339 3362 1487 3450 Engerus
1511 3364 1572 3444 (ed.
1596 3365 1662 3447 mi.)
1682 3362 1766 3428 hunc
1787 3363 1891 3428 locum
1913 3365 2009 3428 inter-

392 3471 558 3553 pretatur:
593 3466 727 3546 „zahlt
749 3467 814 3533 die
839 3467 994 3534 Schuld
1017 3469 1127 3532 eines
1149 3466 1464 3546 Volksfluches,
1498 3469 1529 3537 d.
1558 3469 1590 3534 lr.
1613 3468 1710 3533 wird
1731 3467 1916 3552 gastraft
1937 3469 2010 3534 wie

392 3573 454 3637 cin
478 3571 738 3650 Volkslluch,
762 3573 842 3659 gilt
864 3573 964 3639 eben
987 3595 1028 3638 eo
1052 3573 1145 3639 viel.
1178 3571 1309 3639 Subiect
1331 3575 1374 3638 ist
1397 3573 1506 3658 φάτις,
1529 3573 1651 3640 aberin
1672 3574 1866 3660 geiinderter
1888 3575 2010 3641 Beden-

392 3682 488 3764 tung,
519 3678 590 3742 das
617 3676 844 3764 Vergehen,
867 3678 952 3744 dem
986 3677 1052 3743 die
1080 3676 1292 3744 Naohrede
1318 3679 1433 3766 gilae
1479 3677 1666 3746 Subiectum
1697 3680 1845 3766 quidem,
1876 3687 1914 3748 ut
1946 3682 2009 3745 iam

392 3804 489 3868 snpra
510 3782 771 3859 commemoravi,
795 3787 845 3848 est
867 3783 974 3868 φάτις,
1000 3783 1056 3849 sed
1078 3807 1173 3849 sensu
1195 3785 1326 3872 proprio
1349 3788 1446 3870 atque
1461 3785 1571 3862 solito,
1595 3809 1748 3864 sermo,
1771 3809 1918 3853 rumor.
1947 3784 2009 3848 Est

392 3887 475 3952 enim
497 3910 607 3952 rumor
629 3889 744 3952 civium
767 3889 937 3954 iracundus
960 3889 1199 3976 intelligendus,
1232 3911 1295 3974 quo
1326 3888 1443 3955 bellum
1470 3889 1510 3956 ab
1539 3892 1670 3957 Atridis
1692 3896 1876 3979 susceptum
1897 3885 2007 3968 lugent

392 3995 489 4078 atque
510 3993 711 4080 vituperant,
736 3995 790 4080 qui
807 4016 917 4060 rumor
936 3993 1067 4060 candem
1083 3995 1147 4060 vim
1163 3994 1260 4059 habet
1275 4017 1372 4079 quam
1388 3997 1565 4062 exsecratio
1579 3996 1726 4072 haberet,
1751 3998 1777 4060 si
1793 4015 1854 4077 qua
1868 3984 2008 4074 populus

393 4097 525 4164 deorum
548 4099 628 4162 iram
651 4099 683 4166 in
704 4099 893 4164 Atridarum
917 4103 1014 4186 caput
1036 4100 1260 4165 detestaretur.

478 4226 508 4270 v.
531 4209 605 4270 438.
649 4203 700 4268 ua
722 4205 762 4270 de
783 4227 893 4282 causa,
918 4204 1033 4270 chorus
1056 4207 1179 4293 pergit,
1211 4209 1318 4270 munet
1348 4228 1418 4270 mea
1439 4229 1530 4283 cura,
1558 4228 1623 4291 qna
1643 4205 1749 4268 animo
1778 4219 1896 4283 angor,
1920 4193 2007 4278 quod

393 4308 560 4373 auditurus
576 4309 636 4374 sim
659 4309 779 4396 aliquid
797 4315 892 4376 nocte
907 4310 1024 4376 occulti
1045 4312 1245 4396 (νυκτηρεφές
1260 4313 1318 4396 τι),
1341 4311 1519 4399 caliginosi,
1541 4309 1684 4382 exitiosi,
1706 4305 1726 4371 i.
1742 4325 1769 4368 a.
1793 4301 2007 4367 calamitatem

393 4413 550 4500 quandam
573 4436 637 4499 qua
657 4417 792 4482 Atridae
815 4415 1006 4502 affligantur.
1052 4415 1120 4482 Pro
1146 4421 1208 4497 μοῦ
1238 4415 1392 4483 librorum
1422 4441 1486 4482 non
1509 4418 1558 4481 ast
1577 4419 1649 4493 pot,
1684 4409 1773 4494 quod
1793 4408 1923 4494 Engero
1944 4404 2008 4490 (ed.

393 4522 469 4605 ma.)
490 4520 661 4607 probatur,
691 4521 927 4609 corrigendum.
971 4521 1054 4586 Nam
1079 4521 1181 4588 multo
1204 4521 1321 4588 fortius
1351 4522 1429 4588 dicit
1458 4521 1590 4593 chorus,
1622 4519 1756 4580 manat
1787 4537 1872 4579 mea
1904 4531 2008 4584 cura,

392 4648 487 4710 quum
504 4625 531 4690 si
545 4625 682 4700 diceret,
707 4633 842 4694 manet
862 4627 967 4692 ms'lrs’
984 4650 1094 4704 ουτος
1117 4627 1194 4692 illud
1210 4626 1293 4692 eninr
1309 4650 1373 4692 non
1388 4626 1489 4691 solum
1505 4621 1603 4686 choro
1618 4643 1687 4686 esse
1709 4643 1818 4688 curam
1840 4614 2010 4704 significat,

391 4731 448 4796 sed
471 4732 568 4797 etiam
591 4731 699 4811 chori,
722 4737 759 4798 ut
782 4755 858 4798 cura
879 4733 980 4820 ipsius
1003 4733 1092 4798 chori
1114 4737 1248 4798 naturae
1270 4731 1359 4814 quasi
1382 4751 1457 4816 pars
1479 4728 1636 4813 quaedam
1658 4727 1712 4792 eit.

478 4860 507 4904 r.
530 4843 604 4905 440.
648 4837 829 4904 τολυιιτάνοι
852 4841 928 4924 quin
944 4840 1078 4905 Atridae
1100 4839 1165 4904 sint
1183 4834 1395 4921 intelligendi,
1418 4855 1512 4900 nemo
1535 4838 1585 4900 est
1607 4834 1662 4919 qui
1684 4831 1819 4900 dubitet.
1865 4825 1932 4894 Sed
1955 4823 2010 4909 qui

391 4941 457 5006 sint
478 4941 572 5007 multi
593 4965 674 5029 quos
696 4942 940 5022 interfecerunt,
969 4945 1182 5011 interamnae
1202 4944 1418 5009 nonconetat.
1454 4939 1649 5006 Klauoenius
1670 4939 1710 5004 de
1732 4936 1827 5004 caede
1849 4935 1883 5000 et
1901 4929 2013 4996 Troia·
