4554 5612
409 1174 484 1289 DE
524 1173 693 1292 PRIMO
733 1172 1091 1292 AESCHYLEAE
1129 1172 1527 1293 AGAMEMNONIS
1567 1173 1807 1293 STASIMO.

299 1537 561 1670 Clytaemnestra
592 1583 648 1648 ubi
678 1583 817 1670 primum
849 1607 868 1650 a
897 1583 1031 1650 custode
1057 1607 1156 1671 supra
1188 1583 1304 1649 domus
1334 1585 1585 1671 Agamemnonis
1617 1589 1738 1652 tectum
1768 1585 1921 1650 excubias

298 1695 413 1777 agente
436 1691 554 1756 certior
576 1691 626 1754 est
648 1688 744 1766 facta,
766 1688 853 1755 faces
876 1712 958 1775 quae
973 1690 1186 1756 Troianorum
1210 1689 1299 1754 urbis
1322 1693 1436 1776 captae
1459 1691 1584 1778 signum
1602 1691 1715 1756 darent
1730 1713 1798 1756 esse
1814 1713 1920 1756 accen-

297 1817 358 1870 saa,
382 1817 441 1882 per
461 1799 565 1860 totam
588 1793 701 1861 urbem
724 1816 816 1858 sacra
837 1795 953 1880 quibus
975 1796 1083 1882 gratia
1104 1794 1264 1861 referatur
1286 1797 1347 1860 diis
1369 1796 1438 1862 tieri
1453 1796 1552 1860 iubet.
1591 1793 1730 1872 Chorus,
1753 1797 1807 1880 qui
1829 1819 1920 1862 sacra

299 1901 405 1987 parari
428 1900 525 1976 videt,
548 1901 700 1986 ignorans
720 1900 796 1984 quid
819 1900 969 1978 evenerit,
992 1922 1032 1965 ex
1054 1900 1165 1986 regina
1187 1901 1313 1984 quaerit
1332 1923 1459 1966 causam
1483 1922 1647 1966 sacrorum
1670 1923 1921 1987 responsumque

296 2005 372 2081 fert,
395 2005 437 2070 ad
459 2006 579 2092 gratias
602 2005 663 2070 diis
686 2004 837 2092 agendas,
860 2005 946 2088 qnod
969 2005 1099 2070 tandem
1114 2005 1213 2072 Troia
1229 2007 1273 2070 sit
1288 2011 1482 2093 expugnata,
1505 2028 1597 2070 sacra
1616 2006 1752 2072 institui.
1791 2004 1921 2072 Chorus

297 2111 398 2198 igitur
421 2133 519 2194 quum
542 2134 605 2176 non
628 2111 795 2197 intelligat,
818 2131 881 2195 qua
904 2111 1028 2176 ratione
1050 2111 1161 2197 regina
1176 2110 1271 2176 huius
1292 2113 1337 2176 rei
1353 2112 1471 2176 certior
1492 2112 1536 2176 sit
1558 2111 1653 2190 facta,
1676 2111 1717 2178 nb
1738 2113 1809 2198 ipsa
1830 2112 1920 2177 doce-

297 2222 367 2292 tur,
389 2215 505 2280 facium
537 2217 696 2282 continuis
727 2217 767 2282 ab
791 2215 849 2280 lda
879 2221 988 2282 monte
1018 2216 1242 2303 incipientibus
1273 2218 1371 2302 signis
1393 2218 1540 2283 nuntium
1563 2239 1631 2282 esse
1655 2217 1805 2294 altatum3
1829 2218 1920 2284 cuius

299 2322 345 2387 rei
365 2343 491 2387 summo
513 2323 632 2408 gaudio
655 2321 789 2388 affectus
810 2320 915 2408 sacepe
936 2345 1000 2388 non
1024 2325 1132 2408 potest
1155 2320 1209 2409 (cf.
1231 2345 1260 2386 v.
1286 2323 1542 2412 337-339.·)‚
1566 2323 1642 2407 quin
1665 2344 1791 2388 carmen
1815 2327 1917 2398 canat,

297 2447 361 2511 quo
390 2431 521 2512 gratnm
552 2427 693 2492 animum
724 2427 903 2513 significans
933 2449 1090 2492 summam
1117 2428 1282 2514 praedicet
1305 2429 1437 2494 deornm
1460 2431 1655 2515 potentiam,
1678 2428 1732 2512 qui
1755 2427 1918 2495 hominnm

297 2531 416 2598 scelera
439 2531 541 2598 inulta
562 2555 633 2598 esse
660 2556 722 2598 non
750 2533 924 2619 patiantur.

1065 2705 1097 2797 c.
1122 2717 1150 2776 1.

383 2831 461 2917 Ipso
490 2831 640 2896 carminis
667 2831 758 2896 initio
787 2829 902 2895 chorus
932 2835 1102 2896 veneratur
1123 2831 1235 2896 lovem
1263 2836 1296 2896 et
1324 2831 1478 2909 Noctem,
1502 2854 1638 2917 quorum
1661 2831 1793 2895 deorum
1821 2851 1920 2916 opere

294 2933 509 3002 Troianorum
531 2935 609 3002 urbs
632 2936 692 3001 snb
715 2937 908 3024 Argivorum
932 2941 1125 3023 potestatem
1150 2937 1192 3002 sit
1214 2937 1354 3002 redacta.

385 3033 494 3104 oiZso
515 3046 644 3120 βασιλεῦ
666 3043 714 3104 καὶ
737 3039 793 3116 νὺξ
814 3044 901 3126 φιλία
1018 3050 1082 3108 340
1105 3044 1109 3180 γ
1221 3040 1380 3126 γάγγαμον
1399 3041 1476 3126 ἄτης
1497 3039 1690 3106 παναλώτου.

381 3145 523 3229 μεγάλων
544 3143 671 3228 κόσμων
693 3143 868 3230 κτεάτειρα,
1221 3149 1285 3211 Διά
1309 3171 1355 3210 τοι
1380 3147 1477 3224 ξένιον
1497 3147 1595 3229 μέγαν
1617 3148 1761 3228 αἷδινῖμαι

381 3249 428 3334 ἥτ’
454 3252 500 3316 2212
527 3253 646 3334 Τροίας
668 3249 796 3333 πύργοις
818 3251 923 3331 ἔβαλες
1104 3202 1108 3323 t
1221 3251 1276 3314 τὸν
1298 3251 1370 3316 τάδε
1393 3250 1552 3333 πράξαντ’,
1576 3249 1620 3315 ἐπ’
1641 3251 1830 3340 Ἀλεξάνδρῳ

380 3355 531 3440 στεγανὸν
553 3359 687 3436 δίκτυον,
713 3349 756 3428 ὥς
775 3354 853 3438 μήτε
874 3358 971 3440 μέγαν
1104 3328 1107 3462 t
1221 3359 1359 3420 τείνοντα
1382 3354 1475 3420 πάλαι
1499 3355 1608 3432 τόξον,
1632 3354 1715 3431 ὅπως
1737 3355 1777 3420 ἂν

379 3459 450 3544 μήτ’
477 3453 532 3524 οὖν
554 3467 673 3546 νεαρῶν
694 3459 748 3522 τιν’
772 3455 968 3544 ὗνιιρτιλίσαι
1218 3459 1296 3544 μήτε
1313 3460 1372 3543 πρὸ
1396 3469 1505 3546 καιροῦ
1519 3459 1598 3544 μήθ’
1616 3457 1693 3545 ὑπὲρ
1709 3459 1833 3544 ἄστρων
1855 3471 1921 3528 350

378 3567 457 3648 μίγα
481 3567 619 3639 δουλείας
1014 3575 1076 3633 345
1218 3566 1309 3648 sst'toc
1329 3566 1454 3650 ἠλίθιον
1475 3565 1629 3650 σκήψειεν.

380 3671 528 3736 Primum
552 3671 692 3735 omnium
715 3669 830 3735 adorat
852 3671 968 3736 chorus
991 3673 1119 3750 lovem,
1143 3696 1304 3737 summum
1327 3673 1460 3737 deorum
1490 3693 1597 3760 regem
1620 3675 1717 3756 atque
1737 3671 1915 3751 hominum,

295 3800 393 3862 quum
418 3777 487 3864 ipse
509 3774 585 3839 dens
604 3775 770 3863 hospitalis
786 3775 881 3864 (Ζεὺς
896 3777 1005 3866 tiriae)
1021 3799 1041 3842 a
1056 3777 1174 3844 Paride
1195 3779 1383 3866 gravissime
1397 3777 1511 3853 laesus,
1535 3781 1668 3864 „pastor
1683 3799 1755 3842 cum
1772 3778 1917 3844 traheret

294 3905 352 3970 per
373 3881 459 3947 freta
482 3881 615 3946 navibus
637 3883 741 3946 Idaeis
760 3881 905 3950 Helenen
927 3883 1068 3969 perfidus
1090 3885 1276 3972 hospitam“
1299 3882 1430 3971 (Horat.
1448 3881 1511 3950 od.
1530 3883 1553 3950 1.
1574 3881 1648 3971 lta),
1672 3881 1754 3948 hauc
1769 3884 1916 3948 iniuriam

293 3989 446 4054 ulciscens
476 3987 642 4052 universae
668 3987 880 4052 Troianorum
909 3987 983 4053 urbi
1013 3990 1183 4076 perniciem
1215 3989 1369 4057 attulerit.
1417 3990 1486 4054 lovi
1517 4010 1592 4054 vero
1623 3988 1771 4074 adiungit
1800 3989 1917 4054 chorus

292 4093 446 4169 Noctem,
478 4092 566 4178 quod
597 4115 634 4156 ea
664 4093 736 4179 ipsa
756 4099 850 4158 nocte
872 4093 969 4160 Troia
992 4101 1191 4182 expugnata,
1223 4096 1271 4160 vel
1299 4096 1407 4182 potins
1429 4095 1577 4168 nuntius,
1607 4094 1738 4158 Troiam
1767 4117 1835 4159 esse
1864 4118 1914 4160 ex·

295 4202 479 4284 pugnatam,
503 4198 619 4263 facium
644 4199 743 4284 signis
766 4203 873 4284 Argos
903 4198 1017 4263 allatus
1038 4205 1097 4265 est.
1142 4202 1289 4289 luppiter
1310 4205 1377 4275 est,
1409 4201 1463 4285 qui
1485 4203 1578 4264 nocte
1600 4198 1648 4263 vel
1672 4221 1744 4263 cum
1767 4206 1861 4264 nocte
1882 4201 1916 4266 id

295 4303 464 4386 quodiam
488 4305 543 4370 diu
560 4304 601 4371 ab
617 4303 765 4369 omnibus
788 4304 1061 4370 vehementissime
1084 4309 1134 4370 est
1156 4309 1377 4393 exspectatum
1395 4304 1521 4370 tandem
1545 4305 1631 4370 iusto
1653 4309 1799 4392 tempore
1820 4307 1917 4370 iusta-

295 4429 357 4493 que
386 4409 509 4475 ratione
537 4409 621 4475 feeit.
670 4410 782 4474 Minus
805 4415 891 4474 recte
913 4411 1013 4497 igitur
1043 4411 1085 4476 ad
1103 4411 1165 4477 hoc
1187 4413 1335 4476 carminis
1362 4413 1488 4476 initium
1518 4411 1667 4497 Engerus
1698 4408 1760 4497 (ed.
1792 4409 1916 4498 mi.'')

293 4517 446 4579 annotat:
470 4515 554 4590 „Die
575 4515 705 4580 Anrede
727 4515 787 4602 gilt
812 4515 869 4580 der
890 4515 1006 4590 Nacht‚
1030 4516 1114 4582 Zeus
1138 4516 1215 4580 wird
1239 4523 1302 4582 352
1326 4516 1414 4605 (347.
1439 4516 1499 4605 Η.)
1523 4516 1705 4603 gepriesen‚
1728 4514 1914 4603 gleichwohl

293 4619 361 4685 rust
391 4621 448 4684 der
478 4617 612 4684 fromme
636 4619 727 4686 Chor
753 4618 858 4708 gleich
886 4643 947 4686 von
970 4621 1101 4708 Anfang
1122 4622 1206 4687 Zeus
1233 4645 1288 4700 an,
1313 4623 1370 4687 der
1400 4623 1431 4686 ia
1458 4623 1509 4688 die
1531 4621 1638 4686 Nncht
1666 4621 1803 4708 gesnudt
1826 4620 1915 4683 heac

574 4747 681 4755 —-—.-

361 4795 388 4859 ’)
408 4799 534 4850 Veratrum
552 4814 680 4850 nnmerum
699 4799 818 4851 editionis
836 4815 927 4866 sequor
943 4799 1153 4854 Hermannianae.

361 4881 407 4948 ⁹⁶)
431 4885 468 4936 ed.
493 4884 536 4936 nri.
561 4885 579 4936 i.
605 4903 625 4936 e.
649 4888 727 4939 editio
750 4887 833 4938 minor
856 4909 891 4932 ==
914 4889 1052 4957 Aeschylos
1070 4891 1241 4956 Agamemnon
1266 4889 1315 4940 mit
1332 4889 1505 4942 erliiuternden
1523 4888 1716 4955 Anmsrknngen
1733 4889 1848 4952 herauag.
1865 4903 1914 4938 ron

292 4973 385 5024 Robcrt
401 4975 494 5040 Enger.
514 4969 591 5024 1855.

1655 5061 1701 5124 11
